3574 5282
314 1121 434 1241 Quae
462 1157 546 1226 ante
578 1146 645 1248 hos
680 1146 804 1220 decem
838 1171 952 1226 annos
986 1145 1049 1241 pia
1082 1155 1168 1218 vota
1198 1145 1446 1240 concepimus,

210 1296 295 1344 cum
322 1271 422 1357 aiibi,
450 1270 505 1342 vir
531 1292 682 1353 summe,
709 1268 913 1362 magisterii
940 1265 1080 1362 publici
1100 1266 1451 1361 quinquagesimum

209 1417 350 1472 anuum
375 1385 755 1482 faustegfeliciterque
788 1398 977 1484 peractum
1011 1385 1362 1484 congratularemur:
1382 1443 1385 1452 .
1404 1410 1447 1460 ea

210 1537 287 1609 non
314 1513 372 1583 ad'
384 1511 542 1600 irritum
557 1508 726 1584 cecidisse
753 1518 795 1580 ut
826 1509 949 1594 animo
983 1517 1090 1604 grato
1123 1505 1293 1600 laetaque
1324 1514 1446 1579 mente

212 1635 462 1728 profiteamur,
503 1629 707 1723 praesentis
743 1653 810 1732 nos
845 1629 967 1710 horae,
1001 1626 1227 1700 sollemnitas
1262 1628 1445 1722 admonet.

212 1755 309 1826 Iam.
329 1751 428 1824 enim
463 1731 691 1844 sexagesima
727 1749 821 1822 redit
850 1747 919 1830 lux
953 1748 1200 1827 anniversaria
1214 1813 1218 1824 ,
1233 1746 1334 1822 illius
1374 1747 1447 1818 diei

212 1896 285 1969 quo
313 1869 524 1949 adulescens
551 1894 745 1943 munerum
770 1870 1024 1963 honorumque
1058 1893 1205 1942 cursum
1239 1867 1448 1962 auspicatus

211 2015 251 2072 es
270 1991 580 2086 prosperrimum,
596 2015 722 2084 ¹quem
749 1998 904 2074 strenue.
922 2000 1068 2062 secutus
1095 2014 1208 2072 senex
1233 1990 1449 2072 adsumme

211 2135 328 2206 usque
347 2113 558 2208 peruenisti.
581 2195 584 2200 Α
604 2113 729 2204 Atque
748 2111 787 2182 in
803 2111 998 2206 perpaucis
1017 2112 1049 2187 Τ
1050 2111 1104 2190 ibi
1121 2109 1287 2204 contigit,
1307 2119 1349 2181 ut
1367 2117 1450 2204 post

214 2243 269 2306 tot
295 2242 501 2326 temporum
528 2232 625 2326 uices
651 2231 844 2306 inserena
877 2232 1075 2304 senectutis
1109 2227 1378 2326 tranquillitate
1412 2237 1450 2302 et

182 2333 185 2338 ⁴
213 2351 413 2426 iuvenilem
447 2351 619 2448 vigorem.
634 2362 672 2425 et
698 2353 862 2424 animum
888 2351 1035 2426 virilem
1056 2349 1236 2434 invictum
1268 2375 1447 2423 servares:

214 2474 277 2568 qui
311 2497 357 2545 ne
389 2497 488 2550 nuno
522 2474 669 2568 quidem
704 2473 877 2548 sementis
903 2472 1144 2546 ferocissimae
1170 2470 1268 2544 laeta
1282 2481 1449 2564 tutaque

213 2617 330 2666 messe
356 2617 424 2690 per
451 2593 568 2666 otium
594 2592 666 2666 frui
692 2594 780 2672 satis
805 2596 961 2681 habeas,
997 2617 1123 2668 verum
1157 2592 1196 2664 in
1223 2593 1294 2666 hoc
1319 2615 1450 2686 campo

213 2715 417 2796 studiorum
443 2714 684 2786 humanitatis
711 2712 863 2789 colendo
880 2712 1149 2811 recolendoque
1164 2737 1265 2786 nova
1282 2735 1450 2808 spargere

215 2835 356 2912 semina
382 2859 568 2928 novosque
594 2832 735 2908 fructus
762 2833 934 2931 colligere
957 2835 1116 2930 impigro
1135 2831 1450 2908 animomoliaria

216 2954 384 3048 Cumque
410 2953 474 3026 alii
502 2947 621 3036 aetate
638 2957 857 3050 procedente
883 2980 933 3028 ex
958 2957 1077 3030 stadio
1095 2955 1238 3050 patenti
1256 2954 1295 3028 in
1317 2977 1451 3050 angus·

215 3076 344 3158 tiorem
370 3099 500 3172 gyrum
532 3098 611 3147 sese
637 3077 798 3171 recipere
832 3074 993 3164 soleant,
1030 3077 1089 3147 Tu
1122 3085 1248 3147 contra
1275 3073 1450 3153 continuo
1525 3087 1527 3092 ’

214 3217 325 3269 eursu
369 3219 435 3290 per
478 3193 624 3268 latiores
664 3195 841 3289 ‚deinceps
874 3195 1038 3276 ¹circulos
1086 3205 1204 3267 totum
1235 3194 1451 3268 studiorum

215 3315 339 3387 orbem
372 3339 542 3388 emensus
577 3339 642 3402 es,
676 3340 833 3412 quorum
870 3317 1045 3396 nuncin
1078 3316 1166 3410 ipsis
1200 3313 1451 3408 penetralibus

217 3436 339 3510 sedem
360 3431 557 3509 collocasti
595 3435 779 3511 Nimirum
807 3461 902 3532 quae
928 3446 983 3510 est
1009 3437 1243 3529 antiquorum
1271 3436 1453 3512 sententia

178 3622 183 3636 ,
212 3548 505 3646 ‘senescentibus
530 3556 702 3638 membris
724 3556 956 3636 eruditorum·
970 3555 1073 3630 intus
1091 3556 1232 3628 animos
1250 3557 1451 3634 industriae

217 3675 394 3754 beneficio
425 3675 549 3750 florem
583 3676 761 3760 iuventae¹
788 3669 982 3763 retinere',
1016 3657 1055 3752 id
1088 3701 1200 3772 quam
1233 3679 1280 3752 sit
1314 3702 1452 3774 verum,

217 3796 299 3872 Tua
320 3793 390 3876 illa
416 3795 559 3890 aquilae
587 3807 754 3872 senectus
781 3795 1008 3872 nobilissimo
1035 3796 1205 3892 exemplo
1228 3800 1451 3894 comprobat.

216 3915 303 4005 Iure
339 3915 452 4010 igitur
490 3917 692 4012 meritoque
726 3920 778 3992 Te
811 3942 927 3992 unum
964 3943 1149 3995 summum
1190 3930 1228 3994 et
1249 3921 1376 3998 aecus
1396 3928 1454 3994 ,et

217 4035 439 4130 praesidium
459 4061 544 4109 cum
561 4037 652 4112 haec
670 4038 766 4116 mma
782 4050 898 4136 mater
913 4038 1271 4138 Gryphiswaldensis
1287 4039 1451 4138 suspicit,

218 4156 278 4228 cui
305 4180 369 4259 per
395 4167 676 4254 omne-tempus
702 4161 824 4256 fidem,
843 4171 1070 4234 constantem
1103 4161 1335 4257 praestitisti,
1373 4171 1454 4254 tum,

218 4300 301 4348 vero
328 4277 414 4348 ordo
441 4288 564 4350 noster
590 4279 800 4374 praedicat,
817 4261 876 4354 cui
909 4271 1125 4375 numquam,
1147 4283 1281 4376 deesse,
1304 4281 1453 4378 voluisti

217 4409 444 4491 praesentem
472 4399 590 4471 Tuam
618 4403 881 4476 auctoritatem.
929 4402 1076 4478 Etenim
1104 4413 1269 4478 nostrum
1296 4403 1349 4480 'l‘e
1376 4426 1452 4481 esse

622 4747 886 4898 essese
