3574 5282
299 780 530 863 Antiquissima
551 801 593 847 ex
615 780 811 846 orationibus
833 779 1037 846 iadieiaiibus
1058 781 1188 866 Lysiae,
1225 781 1253 846 si
1274 781 1365 847 iilam
1386 801 1446 847 ex-

213 914 337 999 eeperis
359 915 401 980 ab
422 914 494 999 ipso
517 914 557 980 de
580 914 687 980 fratris
710 911 809 979 aaede
832 920 941 978 matra
962 912 1204 980 Eratosthenem
1223 913 1447 997 habitamque

213 1047 317 1133 prima
339 1047 479 1112 amnium
501 1045 603 1112 forum
626 1046 732 1130 attigit
743 1049 777 1128 ¹),
804 1045 847 1111 ad
868 1067 926 1146 nes
948 1045 1095 1132 pervenit
1112 1065 1152 1112 ea
1168 1067 1250 1130 quae
1264 1047 1299 1112 in
1314 1067 1445 1133 corpere

130 1158 133 1165 ¹
213 1179 390 1246 orationum
414 1179 567 1246 vieesima
596 1179 790 1264 primaest,
817 1179 936 1264 scripta
951 1200 1036 1246 anno
1051 1177 1102 1244 Oi.
1121 1183 1172 1262 94,
1193 1181 1310 1267 3i402.
1346 1181 1445 1247 Cuius
1509 1211 1512 1216 ⁴

213 1312 353 1396 quidam,
387 1311 473 1378 haud
496 1313 591 1378 aliter
612 1319 708 1396 atque
730 1311 1009 1379 dand·evieesimae
1038 1311 1122 1379 unde
1145 1314 1317 1399 disputatio
1336 1321 1446 1382 nostra

212 1446 356 1531 praseeta
378 1452 435 1529 est,
462 1466 548 1531 pars.
561 1452 704 1512 extrema
726 1447 797 1513 sela
819 1452 982 1530 superest:
1012 1451 1047 1511 ut
1068 1445 1109 1512 de
1132 1455 1319 1532 argumente
1341 1447 1445 1532 ipsius

212 1599 339 1662 quaque
362 1580 535 1646 etiamnum
557 1579 762 1665 diseeptetnr.
802 1580 906 1664 Atque
932 1580 1159 1663 grammatieus
1189 1581 1304 1650 aetatis
1333 1597 1446 1648 recen*

212 1713 301 1794 tiaris
329 1713 383 1795 qui
405 1712 607 1779 arationibus
636 1713 785 1798 Lysiaeis
813 1713 922 1778 titulos
951 1713 1062 1796 quales
1095 1714 1128 1780 in
1161 1714 1270 1781 eediee
1300 1713 1446 1779 ferantur
1537 1727 1540 1733 '

213 1865 310 1930 saepe
332 1866 434 1930 prava
455 1847 638 1912 eanieetura
661 1846 782 1912 efflatas
805 1846 945 1928 addidit,
977 1868 1048 1913 eam
1077 1867 1148 1912 eam
1177 1847 1351 1913 arationem
1379 1847 1444 1913 iam

212 1979 391 2046 mutilatam
413 1981 552 2065 legeret,
583 1979 736 2066 inseripto
763 1978 909 2066 ἀπολογία
938 1981 1118 2066 δωροδοκίας
1147 1977 1343 2072 ἀπαράσημος
1364 1979 1445 2046 nihil

212 2112 301 2178 aliud
321 2113 384 2179 nisi
406 2111 521 2180 leviter
542 2114 769 2198 interpretatus
791 2121 841 2180 est
869 2115 943 2198 ipsa
970 2113 1105 2178 oratoris
1134 2115 1234 2180 verba
1265 2115 1292 2200 (ᾗ
1315 2117 1352 2178 21
1379 2121 1440 2197 sq.)
1512 2194 1521 2213 .

212 2243 272 2330 ἐρῶ
301 2243 329 2308 δ’
363 2243 444 2332 δρῶν
480 2249 587 2333 δέομαι
616 2245 667 2312 καί
702 2244 825 2313 ἱκετεύω
857 2245 908 2312 καί
941 2245 1086 2334 ἀντιβολῶ
1121 2245 1168 2334 μὴ
1199 2255 1445 2333 καταγνῶναι

214 2380 452 2466 δωροδοκίαν
483 2383 575 2464 ἐμοῦ,
612 2377 677 2465 μηδ’
688 2419 689 2424 1
714 2376 890 2466 ἡγήσασθαι
917 2386 1047 2446 τοσαῦτα
1077 2377 1220 2467 χρήματα
1242 2381 1328 2457 εἶναι,
1364 2378 1397 2446 δι’
1424 2375 1445 2446 δι

211 2509 271 2598 ἐγὼ
294 2514 474 2599 βουληθείην
497 2507 532 2580 ἀν
555 2539 584 2579 τι
610 2512 703 2580 κακὸν
725 2521 761 2602 τῇ
784 2511 870 2581 πόλει
890 2515 1047 2602 γενέσθαί
1082 2515 1241 2600 μαινοίμην
1264 2513 1321 2602 γὰρ
1344 2508 1393 2594 ἀν,
1418 2508 1443 2580 ὦ

212 2638 316 2733 ἀνδρες
340 2648 493 2721 δικασταί,
525 2651 552 2714 εἰ
574 2645 626 2733 τήν
651 2647 704 2734 μίν
725 2635 866 2736 πατρῴαν
889 2645 991 2714 οὐσίαν
1021 2644 1266 2735 φιλοτιμούμενος
1294 2651 1337 2722 εἰς
1366 2644 1443 2733 θμας

213 2777 402 2866 ἀναλίσκοιμι
434 2777 593 2864 (ἀναλίσκον
615 2781 784 2866 Hertiein),
818 2780 865 2846 ἐπί
889 2781 921 2848 δὲ
950 2787 993 2869 τῷ
1013 2788 1066 2867 τῆς
1087 2778 1203 2856 πόλεως
1232 2787 1317 2870 κακῷ
1344 2780 1444 2869 παρὰ

212 2921 281 2979 τῶν
321 2907 442 2980 ἄλλων
481 2915 754 3001 δωροδοκοίην.
806 2913 896 2992 Quae
931 2935 1010 3006 sane
1040 2915 1135 2984 miror
1163 2914 1333 2998 plerosque
1362 2917 1443 2982 tanti

212 3045 339 3122 secisse,
364 3055 399 3114 at
421 3069 500 3133 prae
522 3048 569 3114 eis
592 3047 660 3113 fere
681 3048 889 3132 neglegerent
903 3047 1055 3114 indieium
1070 3049 1165 3133 lange
1182 3049 1314 3133 gravius
1329 3057 1362 3116 et
1376 3051 1442 3118 tale

212 3179 296 3264 quad
318 3201 385 3247 rem
407 3200 600 3264 eansamque
621 3182 728 3266 ipsam
750 3181 913 3247 contineat
921 3182 958 3260 ί).
998 3181 1096 3247 Aeter
1117 3181 1201 3246 enim
1224 3182 1279 3247 ubi
1309 3203 1441 3250 enume-

212 3315 305 3396 ravit,
343 3321 419 3397 quat
447 3321 627 3398 quantaque
650 3323 788 3380 munera'
803 3313 1052 3397 largitionesque
1081 3315 1127 3381 rei
1157 3315 1304 3398 publicae
1326 3325 1441 3401 sponte

213 3448 436 3532 praestitisset,
461 3469 525 3514 non
541 3448 610 3513 siue
624 3447 797 3513 iaetatione
812 3446 891 3512 haee
905 3446 1073 3531 praedicat
1099 3447 1126 3532 (ᾗ
1144 3448 1212 3530 16);
1239 3443 1371 3534 ἡγοῦμαι
1394 3447 1437 3534 δ’,

213 3575 238 3644 ὦ
261 3574 366 3668 ἄνδρες
390 3581 537 3663 δικασταί,
556 3621 599 3629 -
613 3579 664 3645 καί
688 3577 789 3665 μηδείς
804 3575 886 3665 ὑμῶν
903 3577 1041 3666 ἀχθεσθῇ
1057 3619 1100 3628 -
1114 3578 1190 3646 πολὺ
1205 3575 1242 3646 ἀν
1258 3578 1441 3670 δικαιότερον

212 3711 305 3798 ὑμᾶς
335 3711 403 3780 ὑπὸ
433 3721 504 3780 τῶν
533 3719 707 3801 ζητητῶν
729 3711 1007 3801 ἀπογραφῆναι
1033 3711 1076 3779 τὰ
1106 3711 1175 3798 ίμά
1200 3714 1306 3802 ἔχειν
1329 3711 1348 3802 ἢ
1371 3718 1440 3802 ἐμὲ

211 3845 296 3912 νυνί
317 3845 564 3915 κινδυνεύειν
587 3845 635 3921 ὡς
664 3853 728 3914 τοῦ
758 3847 945 3933 δημοσίου
973 3843 1153 3935 χρήματα
1181 3847 1330 3936 ἔχοντα.
1371 3852 1445 3918 Iam·

211 3987 262 4046 τοῶ
285 3982 429 4067 δημοσίου
451 3979 594 4070 χρήματα
615 3981 696 4070 ἔχειν
719 3980 875 4047 formulae
897 3979 999 4071 instar
1027 3987 1078 4046 est
1106 3979 1146 4047 de
1176 4001 1231 4064 eo,
1264 3982 1355 4051 euius
1382 4004 1440 4069 per

211 4123 416 4133 ——---——.

282 4196 304 4257 1)
327 4195 367 4260 12,
388 4195 412 4245 3.
443 4191 480 4247 es.
502 4190 639 4252 Fraankel
659 4191 694 4246 de
715 4191 841 4246 oratione
864 4207 916 4261 pre
935 4189 1096 4262 Polystrata
1116 4152 1213 4246 habita
1238 4159 1338 4257 Ι(Βοιολ
1363 4195 1437 4269 laea)

211 4301 239 4357 p·
254 4285 425 4439 3θίθοοιὶοι
437 4372 524 4431 Meter
534 4376 591 4431 Att.
607 4359 655 4426 Ῥκ
670 4389 698 4442 p.
713 4341 762 4424 καί
775 4372 887 4434 iudieat
902 4372 955 4434 etsi
968 4376 997 4433 et
1008 4373 1069 4444 ipse
1081 4369 1221 4434 dubitans.
