3574 5282
953 376 972 435 t

353 631 399 696 ila
428 637 506 714 puto
531 629 700 696 scribenda
723 635 755 694 et
777 628 1022 712 distinguenda:
1054 605 1104 692 καί
1125 622 1322 714 περὶτούτων
1346 623 1383 712 δὴ
1407 624 1582 716 ἀμφοτέρων

347 760 513 850 Ἀθηναῖοι
533 757 765 850 παρανόμως
777 767 811 848 ¹),
838 758 997 850 φεύγοντος
1012 767 1063 826 τοῦ
1080 756 1170 827 αὐτοῦ
1185 757 1301 849 ἀνδρός,
1327 759 1468 828 τάναντία
1482 761 1581 848 σφίσιν

353 894 453 970 αὐτοῖς
470 896 664 985 ἐψηφίσαντο.
676 961 680 970 ,
690 898 732 963 Ul
746 898 806 963 hoe
821 897 909 961 dicat
924 902 1044 961 orator:
1071 895 1111 960 de
1127 895 1274 961 Euoratis
1288 896 1381 961 bonis
1403 891 1581 982 ἀπογραφήν

250 1027 253 1035 ’
352 1030 393 1096 ab
421 1031 485 1096 alio
518 1031 555 1113 (is
583 1037 632 1096 est
661 1027 676 1095 ‘o
706 1026 885 1118 βουλόμενος
913 1067 951 1078 -
979 1030 1124 1115 δημοσίαν
1150 1031 1283 1115 ποιῆσαι)
1320 1031 1410 1114 prius
1440 1031 1581 1096 delatam

352 1185 440 1247 esse,
477 1171 695 1231 accusatorem
724 1172 831 1231 autem
864 1185 937 1229 eum
965 1183 1065 1229 causa
1097 1163 1268 1229 cecidisset
1301 1164 1388 1228 mille
1421 1163 1582 1229 drachmis

352 1299 536 1363 multatum:
563 1299 628 1364 iam
650 1298 905 1383 praetorius
928 1297 1048 1363 factum
1063 1297 1147 1378 lore,
1174 1297 1203 1363 si
1224 1297 1258 1361 in
1281 1299 1384 1363 altera
1401 1295 1526 1362 actione
1542 1295 1581 1361 de

283 1442 286 1451 '
353 1431 474 1496 eisdem
503 1432 595 1498 bonis
625 1454 645 1497 a
667 1432 817 1497 Poliocho
847 1437 933 1496 mota
957 1430 1080 1496 iudices
1103 1431 1261 1496 conuaria
1283 1430 1344 1496 sibi
1366 1431 1447 1514 ipsis
1470 1431 1582 1496 decer-

352 1570 465 1628 nerent
505 1566 743 1631 condemuando
780 1585 874 1648 quern
908 1571 974 1630 tum
1016 1563 1239 1630 absolvissent.
1291 1565 1329 1629 In
1363 1564 1470 1630 verbis
1508 1582 1582 1628 vero

353 1691 511 1782 φεύγοντος
539 1703 590 1763 τοῦ
619 1695 709 1764 αὐτοῦ
738 1695 861 1784 ἀνδρός,
898 1698 1013 1780 quibus
1047 1697 1316 1762 circumscribitur
1344 1702 1376 1761 ct
1405 1697 1583 1782 explicatur

352 1828 439 1894 istud
459 1826 654 1918 παρανόμως,
688 1851 751 1896 non
781 1839 830 1896 est
852 1851 908 1897 cur
930 1831 1064 1897 haereas
1086 1832 1120 1895 iu
1143 1830 1298 1914 singulari
1327 1839 1483 1913 numero,'
1509 1850 1583 1895 cum

350 1963 540 2045 praesertim
563 1965 706 2030 accusati
728 1966 797 2031 loco
819 1966 947 2051 proprie
970 1987 1052 2032 unus
1067 1965 1109 2030 sit
1122 1966 1287 2047 liberates,
1314 1985 1408 2047 quern
1423 1971 1581 2028 mortuum

331 2095 409 2159 *filii
432 2117 452 2160 a
473 2098 702 2181 perduellionis
725 2099 858 2164 erimine
882 2099 1068 2165 defenduut.

439 2231 508 2318 Iapr
545 2233 642 2298 verbo
675 2233 825 2318 ἐζημίωσε
858 2235 999 2317 cogitare
1036 2233 1182 2300 iubemur
1218 2233 1324 2317 ipsum
1364 2237 1584 2297 accusatorem

355 2362 539 2450 Poliochum
561 2366 594 2430 in
616 2366 721 2450 priore
744 2369 869 2434 actione
892 2369 1013 2433 auxilio
1035 2388 1093 2432 suo
1115 2366 1262 2432 effecisse
1285 2372 1320 2429 ut
1341 2385 1415 2431 reus
1434 2365 1583 2430 absolve-

354 2503 451 2561 retur.
492 2496 585 2574 Quod
607 2521 679 2566 cum
701 2521 759 2585 per
782 2521 817 2566 se
839 2501 954 2565 mirum
978 2507 1042 2585 est,
1076 2506 1142 2565 turn
1171 2499 1361 2566 vocabulum
1390 2501 1514 2584 inproba
1543 2517 1584 2562 ex

354 2649 413 2694 usu
436 2631 555 2697 sorensi
583 2633 729 2698 adhiberi
759 2634 827 2698 fere
856 2634 937 2698 solet
966 2635 1006 2701 de
1036 2655 1074 2699 eo
1104 2634 1159 2716 qui
1188 2631 1306 2697 iudicio
1334 2632 1424 2713 vicit,
1459 2631 1528 2696 sive
1556 2630 1584 2695 is

354 2771 522 2830 accusatus
546 2773 595 2830 est
617 2767 685 2840 sive
708 2770 924 2850 aecusator²);
956 2769 996 2833 de
1018 2768 1172 2832 advocato
1193 2767 1294 2850 partis
1318 2785 1401 2848 quae
1423 2766 1500 2832 vicit
1521 2785 1584 2830 uon

355 2897 446 2961 solet.
487 2897 691 2984 Quapropter
719 2901 779 2966 viri
808 2901 903 2981 docti,
937 2907 971 2966 ut
993 2900 1136 2966 Poliochi
1158 2920 1328 2984 personam
1359 2899 1499 2983 apriori
1528 2897 1583 2963 illo

354 3029 473 3095 iudicio
495 3039 703 3114 removerent,
730 3033 883 3119 ἐζημίωτο
898 3035 1112 3116 Hamakerus,
1139 3031 1327 3118 ἐζημιώσατε
1346 3054 1386 3100 ex
1401 3031 1583 3099 Marklandi

354 3163 537 3229 coniectura
559 3166 727 3231 Sebeibius
750 3173 969 3250 mutaverunt,
1006 3167 1126 3232 inserto
1155 3168 1250 3233 simul
1273 3175 1347 3232 ante
1370 3161 1499 3231 ualerios
1529 3171 1583 3228 aut

354 3297 482 3362 nomine
506 3297 654 3386 Πολίοχος
677 3306 733 3363 aut
755 3307 841 3366 certe
864 3301 998 3366 articulo
1020 3296 1053 3382 ὁ,
1087 3321 1151 3383 qua
1180 3302 1307 3367 notione
1330 3300 1432 3366 careri
1454 3303 1584 3382 propter

355 3415 527 3512 personam
548 3438 702 3498 mutatam
725 3438 874 3515 nequeat.

356 3617 559 3626 —-—..—.—-

428 3731 449 3794 1)
472 3731 539 3802 παρὰ
557 3731 634 3801 νόμον
652 3732 757 3803 Taylo'r
773 3738 969 3802 proposuerat;
991 3733 1154 3804 παρανόμως,
1175 3734 1209 3787 dc
1228 3749 1284 3804 quo
1302 3733 1356 3788 iarn
1375 3731 1519 3787 Scheibius
1537 3747 1585 3785 co-

356 3819 465 3887 gitavit,
479 3820 507 3875 J.
520 3821 553 3874 H.
566 3823 678 3891 Lipsius
691 3840 800 3893 quoqne
812 3823 986 3879 commendat
998 3824 1026 3878 iu
1038 3824 1230 3893 quaestionum
1244 3823 1423 3893 Lysiacsrum
1437 3820 1585 3890 specimine

361 3911 444 3979 (Llps.
462 3913 535 3976 1864}
557 3930 585 3981 p.
602 3915 642 3966 15.
675 3911 806 3969 Similiter
823 3913 909 3969 habes
933 3916 973 3980 12,
988 3916 1020 3966 82
1045 3913 1118 3983 ὑμεῖς
1137 3914 1165 3966 δὲ
1181 3913 1241 3972 τοὺς
1259 3912 1431 3970 ἀπολέσαντας
1448 3913 1495 3984 τὴν
1513 3911 1585 3964 πόλιν

356 4002 421 4054 κατὰ
445 4003 488 4054 τὸν
511 4002 588 4072 νόμον
613 4002 709 4064 ἀξιοῦτε
730 4004 835 4076 κρίνειν,
865 3997 920 4074 παρ’
941 4006 976 4057 ὦν
1001 4004 1053 4057 οὐδ’
1070 4003 1101 4058 ἂν
1125 4004 1325 4076 παρανόμως
1345 4002 1494 4073 βουλόμενοι
1514 4002 1585 4073 δίκην

356 4090 493 4161 λαμβάνειν
506 4093 575 4154 ἀξίαν
590 4123 620 4132 -
633 4093 734 4164 λάβοιτε
755 4093 799 4160 (of.
821 4085 858 4149 lb.
878 4097 920 4146 48.
940 4097 981 4160 26,
1002 4097 1026 4146 5.
1048 4097 1073 4159 9,
1096 4096 1137 4146 17.
1160 4097 1212 4160 18).
1243 4093 1323 4149 Plato
1341 4094 1414 4163 apol.
1432 4109 1460 4162 p.
1479 4092 1527 4144 32¹³
1544 4091 1585 4145 ὅτε
1631 4121 1632 4126 =

356 4181 430 4251 ὑμεῖς
443 4183 501 4242 τοὺς
514 4183 575 4236 δέκα
589 4185 741 4256 στρατηγοὺς
755 4184 892 4254 ἐβούλεσθε
906 4184 1016 4255 ἀθρόους
1028 4185 1129 4255 κρίνειν,
1144 4184 1347 4256 παρανόμως,
1362 4187 1397 4243 ὡς
1408 4185 1433 4236 ἐν
1446 4183 1585 4254 τῷὑστίρῳ

356 4267 440 4344 χρόνῳ
454 4281 527 4344 πᾶσιν
541 4273 601 4344 ὑμῖν
614 4274 692 4336 ἔδοξε.

425 4383 448 4442 2)
471 4381 506 4435 cf.
527 4382 701 4451 Frohberger
718 4383 754 4437 ad
772 4383 839 4454 Lys.
857 4385 896 4448 10,
913 4385 953 4436 λλ.
