3574 5282
925 331 964 390 lo

869 414 1022 424 ——2--2

332 580 375 646 ad
396 583 531 648 alterum
554 601 679 666 quoque
701 582 869 666 collegium
887 583 956 648 iure
971 584 1143 650 rettuleris.
1183 583 1320 651 Omnino
1334 582 1442 649 officia
1456 590 1564 651 extra-

331 713 492 782 ordinaria
509 715 668 800 pleraque
699 717 821 797 omnia,
854 723 950 800 atque
980 736 1058 802 prae
1087 716 1203 783 ceteris
1233 737 1273 782 ea
1302 715 1418 814 quibus
1448 714 1565 782 aerarii

330 846 551 930 redituumque
584 847 783 934 publicorum
812 849 922 934 aliqua
950 849 1072 917 curatio
1106 847 1335 928 mandabatur,
1371 843 1565 936 χειροτονητοὶ

330 968 430 1044 fuisse
452 981 665 1066 comperimus
675 983 710 1066 ¹).
746 983 815 1048 Nec
836 981 906 1048 sine
929 1001 1029 1048 causa
1042 980 1077 1047 id
1091 980 1237 1064 quidem:
1264 1001 1335 1047 cum
1351 980 1411 1046 hoc
1426 982 1565 1066 populus

330 1120 453 1196 ageret,
488 1135 528 1180 ne
550 1113 731 1180 difficiliora
753 1122 786 1180 et
807 1135 890 1198 quae
913 1114 1085 1198 singularis
1107 1112 1295 1200 prudentiae
1317 1121 1374 1178 aut
1402 1114 1565 1180 sollertiae

329 1266 401 1334 esse
424 1246 624 1327 viderentur,
656 1247 690 1314 in
713 1248 886 1314 sortitionis
908 1249 1093 1314 discrimina
1116 1245 1216 1314 daret.
1255 1248 1357 1314 Immo
1379 1265 1418 1312 ea
1440 1267 1565 1330 quoque

330 1380 439 1448 munia
462 1381 577 1464 quibus
600 1381 650 1448 sui
673 1381 879 1465 magistratus
901 1381 1037 1466 legitimi
1059 1387 1164 1464 erant,
1199 1380 1333 1448 subinde
1356 1381 1464 1467 populi
1487 1381 1565 1448 scito

329 1515 405 1582 viris
434 1521 526 1580 extra
555 1513 698 1579 ordinem
724 1514 836 1581 electis
865 1515 1142 1604 committebantur
1168 1534 1206 1580 co
1236 1513 1385 1598 consilio,
1425 1521 1459 1580 ut
1488 1514 1564 1580 sorti

281 1653 282 1656 ’
329 1647 574 1714 substitueretur
595 1646 706 1733 populi
733 1647 898 1715 arbitrium
907 1650 943 1732 2).

413 1781 560 1874 Ceterum
576 1800 638 1862 quo
660 1801 791 1862 numero
814 1781 930 1848 fuerint
952 1789 985 1847 et
1007 1777 1139 1846 σύνδικοι
1161 1788 1193 1848 et
1215 1787 1362 1868 συλλογῆς
1385 1782 1557 1848 incertum:

327 1935 521 2000 quamquam
543 1914 643 1980 denos
666 1913 766 1981 fuisse
790 1914 959 1996 quotannis
982 1915 1101 1981 electos
1123 1915 1158 1980 in
1180 1921 1270 1980 tanta
1290 1914 1414 1980 denarii
1439 1914 1563 1980 numeri

327 2048 414 2133 apud
442 2045 657 2114 Athenienses
687 2041 871 2112 celebritate
900 2047 1082 2133 suspiceris.
1122 2049 1190 2114 Nec
1220 2048 1323 2132 magis
1353 2046 1392 2112 de
1420 2054 1563 2132 tempore

329 2187 463 2262 constat,
490 2179 665 2262 quamdiu
688 2179 748 2246 hoc
769 2181 948 2246 institutum
971 2181 1134 2247 manserit.
1175 2181 1270 2266 Apud
1285 2180 1563 2266 Lysiamquidem

331 2315 533 2400 syndicorum
550 2312 670 2380 diserta
685 2313 838 2378 memoria
853 2314 937 2380 intra
948 2313 1059 2380 decem
1075 2314 1142 2382 fere
1155 2333 1256 2380 annos
1267 2318 1453 2380 continetur.
1479 2316 1562 2380 Nam

327 2447 479 2516 debonis
500 2446 727 2532 Aristophanis
749 2449 804 2537 (or.
822 2446 910 2532 XIX)
938 2452 1042 2512 actum
1065 2453 1114 2512 est
1137 2468 1220 2513 anno
1240 2447 1389 2530 01.98,1
1411 2469 1436 2514 s.
1457 2449 1560 2533 alass

328 2601 355 2649 s.
382 2583 454 2661 387,
481 2580 582 2646 oratio
605 2581 739 2665 septima
762 2580 887 2647 decima
909 2600 993 2646 anno
1016 2579 1066 2645 Ol.
1093 2584 1144 2664 95,
1165 2580 1270 2666 3l398
1286 2580 1407 2646 habita.
1441 2579 1562 2659 Quodsi

328 2715 434 2782 statim
459 2720 514 2779 aut
536 2721 621 2780 certe
643 2713 733 2779 brevi
756 2713 908 2800 temporis
930 2713 1100 2780 intervallo
1123 2719 1196 2799 post
1217 2711 1355 2778 reditum
1384 2733 1425 2778 ex
1447 2715 1561 2783 Piraeo

259 2848 262 2854 ’
327 2867 365 2914 ea
387 2847 525 2936 collegia
546 2847 684 2931 populus
707 2847 854 2929 instituit,
880 2867 939 2935 per
960 2845 1074 2930 viginti
1089 2848 1163 2931 plus
1178 2847 1323 2916 minusve
1339 2867 1441 2913 annos
1456 2847 1560 2915 officio

329 2980 439 3046 iuncta
461 2997 544 3064 esse,
561 2980 723 3063 ,quamdiu
745 2979 885 3044 maxima
906 2979 955 3046 vis
979 2999 1145 3048 causarum
1167 2979 1311 3066 instaret,
1337 2979 1425 3046 haud
1441 2979 1561 3066 impro-

327 3114 433 3180 babile
455 3083 559 3178 uideri
587 3112 699 3198 possit.
741 3113 855 3178 Verum
878 3112 911 3176 id
932 3113 1054 3197 ipsum,
1087 3134 1162 3188 num
1186 3113 1292 3179 statim
1314 3118 1387 3200 post
1413 3133 1560 3202 eversam

329 3246 527 3331 optimatium
555 3245 804 3311 dominationem
836 3245 982 3311 instituta
1013 3246 1094 3329 sint,
1135 3245 1325 3313 dubitationi
1358 3246 1466 3336 utique
1499 3247 1557 3312 ob-

318 3379 456 3446 noxium
480 3387 539 3446 est.

398 3606 420 3667 l)
441 3603 501 3658 Huc
513 3603 662 3673 pertinent,
683 3606 715 3656 ut
726 3619 815 3671 pauca
828 3601 956 3665 delibem,
975 3602 1065 3654 rotarat
1077 3606 1141 3654 cctc
1153 3602 1189 3655 ad
1202 3601 1339 3657 sociorum
1352 3604 1458 3659 tributa
1473 3606 1560 3660 aesti-

327 3695 429 3749 manda
449 3695 535 3748 creati
558 3693 689 3758 (Kochler
714 3711 735 3744 a.
766 3694 858 3747 Gecct.
885 3693 910 3745 d.
936 3692 1187 3746 delicet-audehat
1210 3693 1319 3747 Buadea
1339 3711 1368 3764 p.
1387 3697 1428 3747 ol.
1451 3697 1499 3748 149
1517 3712 1558 3762 sq.

326 3784 474 3840 Kirchhcff
486 3785 568 3852 Ocrp.
584 3784 668 3842 lnscr.
684 3782 768 3836 Attl
782 3799 811 3851 p.
826 3785 866 3849 21)
883 3805 888 3844 ;
912 3782 1026 3854 ἐνιλονεῖς
1045 3782 1122 3836 missi
1140 3782 1176 3835 ad
1188 3783 1285 3838 eadem
1298 3785 1402 3839 tributa
1412 3785 1557 3854 exigenda,

329 3874 476 3946 ἐπινραφιῖς
489 3891 512 3928 s.
524 3875 670 3946 διαγραφεῖς
683 3873 729 3939 qui
741 3873 842 3927 civium
855 3873 960 3927 tributa
973 3889 1006 3926 ex
1019 3887 1104 3927 censu
1116 3871 1283 3928 conferenda
1296 3874 1439 3940 curabant,
1454 3877 1560 3948 ζητηταί

327 3965 420 4019 decem
433 3965 469 4019 ad
481 3964 614 4033 pecunias
627 3979 721 4018 sacras
732 3961 915 4034 publicasque
926 3963 1052 4017 residuas
1071 3964 1210 4032 cogendas
1222 3962 1431 4032 Aristophontis
1447 3967 1560 4022 decreto

326 4055 471 4110 constituti
486 4053 737 4118 (Boeekh-Stcatct.
754 4053 767 4110 l
785 4071 812 4126 p.
828 4055 872 4105 211
889 4056 951 4124 aql,
965 4053 1023 4108 alii.

396 4146 418 4208 2)
441 4144 585 4199 Demosth.
606 4145 634 4198 in
653 4144 772 4198 Andrct.
783 4145 825 4198 ,48
839 4166 870 4188 =
883 4144 912 4198 in
930 4143 1049 4198 Timocr.
1075 4145 1124 4196 160
1142 4143 1215 4203 οὗτος
1236 4138 1392 4216 Εὐκτήμονα
1411 4147 1495 4220 φήσας
1513 4149 1558 4210 τὰς

327 4234 459 4305 ὑμετέροις
473 4235 540 4308 ἔχειν
561 4233 727 4305 εἰσφορὰς-
740 4233 884 4293 οιοιταλύσας
901 4233 1043 4308 ψηφίσματι
1066 4233 1203 4308 claperia
1221 4233 1305 4312 ἀρχὴν
1323 4235 1366 4291 ἐπὶ
1382 4238 1416 4314 τῇ
1433 4239 1559 4312 προφάσει

326 4325 406 4409 ταύτῃ
426 4323 468 4378 ἐπὶ
485 4325 532 4405 τὴν
551 4323 678 4405 εἴσπραξιν
696 4314 794 4401 cupido
810 4323 866 4378 νιτλ,
903 4325 906 4330 “
