3574 5282
795 411 834 472 15

737 497 891 507 ——-

198 663 354 751 plicatur,
390 667 453 749 qno
480 666 575 733 modo
604 665 709 733 eidem
737 664 858 732 homini
885 671 1015 750 postea,
1051 683 1123 731 cum
1155 683 1291 731 munere.
1315 665 1430 732 iterum

199 797 396 884 iungeretur,
422 799 536 866 eadem
557 799 616 866 illc
637 798 723 865 bona
744 817 826 881 quae
849 805 916 864 tum
938 797 1125 864 defenderat
1146 798 1345 884 proscribere
1363 798 1431 864 sin·-

197 932 303 1015 gulari
323 949 404 998 sane
426 929 640 999 inconstantia
654 931 781 999 licuerit
801 969 844 980 -·-
864 931 899 998 ic
925 931 1011 1014 qnod
1032 929 1073 998 de
1094 931 1220 1017 privato
1241 930 1368 998 homine
1389 949 1431 998 ne

195 1065 331 1149 cogitari
352 1065 481 1148 quidem
502 1072 608 1152 potest
627 1091 689 1131 -ι
720 1072 757 1131 ut
783 1085 847 1132 non
875 1065 944 1131 sine
974 1082 1072 1131 causa
1093 1064 1178 1130 illem
1200 1065 1430 1132 contrariarum

195 1199 427 1265 sententiarum
463 1205 573 1266 auctor
605 1198 739 1265 dicatur.
787 1198 891 1282 Atque
919 1197 1000 1284 ipsis
1029 1198 1135 1264 verbis
1166 1197 1233 1276 illis
1265 1193 1430 1284 ἡγούμενος

195 1328 280 1422 abaci>
302 1329 397 1418 καλὴν
420 1329 572 1419 εἶναιτὴν
595 1311 732 1407 irritatior
755 1330 805 1398 aab
826 1328 899 1419 πρὸς
920 1327 988 1405 τοδς
1009 1331 1131 1405 πολίτας
1152 1329 1203 1396 καὶ
1224 1329 1291 1406 τοδς
1318 1333 1426 1414 Εένοος,

196 1460 244 1532 ότι
254 1463 398 1553 Ἀθήνησι
412 1471 550 1532 τοσοῦτον
567 1462 701 1560 δύναται,
720 1461 792 1532 ὥσθ’
812 1462 888 1550 ὑμᾶς
902 1502 939 1514 -
956 1467 1050 1530 ποιεῖν
1067 1448 1264 1555 φηρόζεσθαι,
1281 1465 1353 1548 quis
1366 1483 1430 1531 non

196 1598 286 1668 videt
315 1600 525 1684 magistratus
551 1600 805 1685 praepotentiam
833 1607 866 1666 et
893 1599 1098 1666 ambitionem
1125 1598 1284 1666 describit
1326 1597 1428 1676 Quem

195 1733 238 1801 ad
270 1731 400 1799 modum
428 1732 469 1799 dc
498 1732 700 1818 praetoribus
728 1732 887 1799 Alcibiadi
916 1733 1030 1799 minori
1058 1733 1092 1800 in
1120 1731 1238 1798 indicio
1260 1731 1427 1806 λιποταξίου

197 1865 471 1954 patrocinantibus
496 1867 633 1951 legimus
667 1871 729 1949 (14,
763 1868 854 1944 ills
878 1864 931 1932 ἐὰν
962 1868 995 1932 δέ
1023 1892 1099 1940 τινες
1127 1871 1198 1933 τῶν
1229 1861 1427 1954 ἀρχόντων

197 2001 347 2088 βοηθῶσιν
376 1996 476 2088 αὐτῷ,
507 2001 699 2073 ἐπίδειξιν
723 2000 789 2085 μὲν
811 2003 877 2085 τῆς
900 2001 1045 2078 ἑαοτῶν
1069 1995 1268 2084 δυνάμεως
1290 1998 1428 2064 ποιοό-

200 2158 326 2221 μενοι,
352 2129 737 2221 φιλοτιμοόμενοιδὲ
764 2127 822 2198 ότι
848 2131 1023 2207 καὶτοὺς
1046 2137 1221 2220 φανερῶς
1250 2127 1427 2218 ἡμαρτη-

205 2263 315 2340 κότας
343 2261 489 2354 σῴζειν
520 2262 706 2332 δόνανται
727 2270 791 2332 κτλ.
821 2266 872 2350 (ci.
891 2288 936 2333 or.
957 2271 995 2332 15
1010 2265 1068 2350 in.)

283 2399 439 2467 Disertins
462 2399 558 2466 etiam
577 2399 763 2467 Poliochnm
784 2400 1006 2483 magistratum
1028 2399 1247 2484 perstringunt
1267 2419 1351 2483 quae
1373 2417 1427 2464 se-

200 2538 332 2614 qunntur
359 2533 386 2618 (θ
405 2535 451 2618 tu)
487 2526 567 2606 ἄξιον
598 2533 631 2598 δὲ
661 2528 790 2619 μάλιστα
811 2534 962 2621 φθονῆσαι
981 2528 1147 2618 (θαυμάσαι
1161 2531 1356 2617 Markland),
1382 2525 1428 2597 δτι

195 2660 313 2740 οὕτως
336 2660 407 2754 ἤδη
431 2669 466 2732 cl
487 2665 532 2734 τὰ
552 2673 617 2754 τῆς
644 2664 794 2741 πόλεως
822 2665 1055 2755 πράττοντες
1085 2662 1320 2747 διάκεινται,
1355 2659 1420 2731 ὥστ’

162 2801 164 2806 ’
192 2796 249 2888 οὐχ
269 2795 316 2866 ότι
338 2796 374 2866 ἂν
395 2805 431 2888 τῇ
454 2796 540 2866 πόλει
554 2803 703 2888 βέλτιστον
724 2793 745 2888 ᾖ
769 2806 854 2866 τοῦτο
877 2802 1025 2886 λέγουσιν,
1049 2797 1112 2866 c'tll'
1137 2796 1185 2886 ἀφ’
1216 2793 1257 2864 ὧν
1283 2793 1318 2864 διν
1342 2795 1426 2865 αὐτοὶ

191 2934 355 3020 κερδαίνειν
379 2934 521 3019 μέλλωσι.
559 2934 609 2999 lta
629 2934 714 2999 enim
736 2933 816 3000 haec
839 2933 1006 3000 scribenda
1020 2933 1102 2999 (luco
1117 2932 1249 2999 resectis
1264 2938 1297 2997 et
1318 2953 1370 2999 νν.
1395 2933 1425 2996 ct

192 3063 312 3155 ῥήτορες
334 3065 453 3152 frigida
473 3066 661 3152 repetitione
683 3066 885 3152 interpolatis
913 3073 988 3134 ante
1018 3067 1153 3153 λέγουσιν
1176 3072 1208 3132 et
1229 3065 1369 3131 membro
1390 3065 1425 3130 in

191 3193 253 3266 fine
268 3201 383 3267 inscite
398 3198 522 3266 adiecto
537 3205 630 3265 ταῦτα
645 3196 727 3286 ὑμεῖς
744 3200 920 3288 ψηφίζεσθε,
947 3198 1031 3282 quod
1045 3219 1086 3266 ne
1101 3198 1218 3286 copula
1232 3197 1360 3284 quidem
1374 3198 1424 3264 xci

193 3353 219 3398 s.
237 3333 270 3398 δέ
285 3333 407 3398 inserta
421 3347 494 3398 curn
507 3333 666 3418 prioribus
682 3340 758 3420 apte
773 3333 970 3400 conciliatur.
995 3332 1108 3415 Neque
1123 3351 1199 3398 vero
1215 3331 1331 3397 rationi
1346 3351 1423 3398 con-

192 3465 356 3532 venienter
379 3465 546 3532 Scheibins
567 3473 603 3532 nt
631 3466 711 3532 haec
733 3473 890 3550 servaret,
923 3465 1024 3533 verba
1049 3465 1221 3531 sanissima
1248 3458 1341 3538 οότως
1362 3459 1421 3552 ἤδη

192 3601 221 3664 οἱ
242 3597 280 3665 τὰ
301 3605 354 3685 τῆς
375 3595 490 3672 πόλεως
508 3595 686 3687 πράττοντες
719 3595 884 3665 διάκεινται
912 3606 1069 3685 temptare
1095 3599 1210 3665 maluit
1237 3599 1424 3683 corrigendo

190 3727 283 3806 οότως
310 3726 370 3820 ἤδη
397 3729 435 3798 τά
462 3737 513 3820 τῆς
532 3728 658 3806 ’πόλεως
687 3729 877 3817 διάκειταιῐ).
932 3733 1078 3816 Namque
1108 3734 1135 3798 oi
1164 3729 1202 3798 τά
1231 3737 1283 3818 τῆς
1308 3728 1423 3805 πόλεως

189 3861 364 3954 πράττοντες
386 3871 418 3932 et
443 3865 573 3960 propria
594 3866 713 3951 Lysiae
741 3866 828 3932 notio
856 3873 906 3932 est
934 3864 975 3932 de
1003 3865 1080 3933 viris
1107 3865 1238 3950 publica
1265 3864 1422 3949 dignitate

260 4057 283 4121 1)
304 4055 387 4111 Vind.
410 4055 477 4125 Lys.
496 4071 524 4124 p.
539 4056 581 4120 93,
602 4053 649 4109 nbi
666 4059 741 4110 recte
760 4054 898 4110 refutatur
915 4054 1103 4120 Hamakerns‚
1123 4053 1169 4120 qui
1186 4054 1330 4109 enuntiata
1347 4059 1421 4109 τοῦτο

191 4146 215 4201 οἱ
237 4145 341 4216 ῥήτορες
365 4145 480 4218 λέγουσιν
504 4149 533 4199 et
555 4149 635 4198 ταῦτα
660 4143 733 4213 ὑμεῖς
757 4144 897 4217 ψηφίζεσθε
915 4145 1004 4200 locum
1027 4145 1100 4199 inter
1118 4159 1148 4199 se
1164 4148 1271 4199 inumb
1292 4145 1419 4200 iusserat.

191 4235 319 4290 Ceterum
344 4235 509 4290 sententiam
535 4234 701 4288 simillimam
723 4234 809 4288 habes
830 4234 915 4290 Isocr.
934 4237 974 4300 la,
997 4237 1041 4290 la:
1069 4235 1149 4289 uultur
1167 4237 1259 4294 πάντες
1280 4235 1348 4289 locu
1370 4244 1421 4288 τῶν
1472 4235 1475 4240 ⁴

192 4327 237 4394 μὲν
257 4325 372 4398 ῥητόρων
389 4325 448 4384 τοὺς
466 4323 577 4384 πολλοὺς
595 4327 643 4396 οὐχ
662 4323 725 4394 ὑπὲρ
743 4332 794 4378 τῶν
811 4326 843 4396 τη
862 4325 934 4379 πόλει
952 4325 1140 4397 συμφερόντων,
1160 4321 1213 4378 ἀλλ’
1228 4325 1290 4399 ὑπὲρ
1303 4327 1338 4378 ὧν
1351 4324 1422 4378 αὐτοὶ

193 4415 321 4487 λήψεσθαι
339 4416 498 4487 προσδοκῶσι
516 4413 671 4488 δημηγορεῖν
689 4413 846 4484 τολμῶντας.
