3574 5282
869 425 1018 522 ...ii-

326 686 357 749 ὲν
380 679 531 771 χρήμασιν
553 674 573 768 ᾖ
597 679 648 746 καὶ
669 684 806 768 σωθῆναι
826 681 880 768 τὴν
902 679 987 746 πόλιν
1015 683 1059 768 (τῇ
1083 677 1169 746 πόλει
1193 679 1275 763 cod.)
1302 677 1353 743 κα]
1377 675 1435 765 μή,
1467 684 1561 744 ταῦτα

328 809 469 894 δὲοῦτοι,
494 812 661 903 φύλακες
684 811 743 910 bp’
770 811 872 900 ὑμῶν
894 811 1168 916 καταστάντες,
1194 815 1313 902 cleda
1330 807 1562 879 ἀδικούντων

326 917 526 1032 κολασταί,
552 949 700 1014 κλέπτωσί
714 974 746 1013 τε
761 946 812 1013 aci
827 950 1112 1035 καταδωροδοκωσις
1138 946 1360 1013 Accusationis
1375 953 1483 1012 autem
1499 965 1564 1028 qua

325 1085 509 1179 Epicratem
531 1081 564 1147 in
587 1081 711 1148 ratione
734 1082 876 1148 muneris
906 1081 1001 1166 gesti·
1020 1079 1183 1177 reddenda
1211 1079 1369 1176 postulari
1395 1080 1562 1176 probabile

325 1225 375 1286 est
397 1223 620 1302 argumentum
642 1235 736 1281 omne
759 1235 796 1280 eo
819 1214 911 1298 redit,
941 1214 1026 1298 qnod
1047 1215 1102 1280 ille
1125 1215 1166 1280 ad
1189 1215 1324 1336 crimipa
1345 1191 1455 1279 nescio
1478 1232 1561 1296 quae

324 1349 548 1436 persequenda
571 1327 713 1464 publice
722 1323 912 1446 constitutus
935 1355 967 1416 et
988 1348 1212 1444 innocentibus
1239 1344 1366 1445 veriatis
1396 1352 1428 1412 et
1456 1345 1561 1412 noxiis

324 1484 466 1552 dimissis
489 1483 639 1602 quaestui
662 1504 729 1550 rem
752 1483 914 1568 publicam
936 1482 1130 1580 habuerit1).
1162 1481 1200 1546 ld
1217 1481 1277 1547 init
1292 1501 1348 1563 qur
1338 1473 1403 1546 ιι]
1419 1449 1560 1594 ποριστήν

324 1617 501 1700 referrct²l
542 1617 658 1682 Verum
693 1591 753 1683 etsi
783 1591 823 1684 de
852 1593 982 1701 peristis
1008 1637 1072 1682 ιιοιι
1101 1615 1205 1700 magis
1235 1589 1326 1681 uobis
1353 1634 1452 1697 quam
1481 1614 1562 1698 ipsis

325 1757 469 1816 veterum
502 1751 721 1834 grammaticis
755 1751 872 1817 certius
905 1748 1080 1833 quidquam
1113 1750 1315 1834 exploratum
1348 1754 1414 1827 est,
1454 1751 1562 1812 tamen

325 1883 429 1981 sicubi
451 1891 678 1964 memorantur,
704 1884 863 1951 redituum
886 1884 1086 1980 publicorum
1108 1889 1296 1966 quaestores
1314 1879 1561 1981 entraordinarii

326 2015 536 2100 intellegendi
560 2021 681 2094 suntb:
709 2019 763 2101 qui
785 2037 848 2100 que
870 2017 938 2084 inre
960 2017 1127 2084 noxiorum
1149 2014 1293 2082 vindices
1323 2021 1356 2080 et
1383 2013 1561 2096 iuvestiga-

323 2156 408 2216 tores
431 2150 552 2250 publici
575 2151 712 2218 existere
734 2151 870 2236 possint,
897 2151 1016 2216 frustra
1039 2128 1202 2234 anquiras

409 2283 458 2348 Ne
481 2286 591 2368 multa,
618 2283 827 2351 delatores
858 2284 1033 2350 fiscales
1068 2283 1241 2380 (συλλοριῖς)
1268 2239 1451 2366 Epicratem
1482 2300 1563 2364 quo-

323 2436 384 2500 que
406 2417 540 2502 eiusque
564 2417 743 2502 collegasi
741 2418 827 2484 uisse
851 2424 946 2502 atque
969 2379 1010 2483 ob
1032 2416 1195 2483 fraudes
1186 2439 1221 2482 ιιι
1245 2437 1282 2483 ec
1311 2434 1443 2482 munere
1474 2434 1562 2480 cem-

322 2549 439 2616 missas
462 2519 635 2616 identidem
658 2552 814 2636 postulari
837 2513 985 2634 equidem
1007 2569 1199 2635 persuasum
1216 2549 1331 2652 babeo.
1372 2552 1474 2636 quue
1490 2573 1558 2618 cum

321 2681 428 2765 ipsum
450 2691 674 2768 argumentum
697 2704 800 2767 eaque
822 2669 905 2767 quae
929 2703 1028 2770 snpra
1049 2669 1194 2751 nummus
1218 2685 1368 2769 exempla
1395 2686 1553 2769 probabile

393 2891 415 2955 1)
446 2889 610 2960 ql-tubi
632 2891 661 2945 in
682 2891 775 2946 verbis
796 2891 933 2958 corruptis
951 2891 997 2958 §2
1024 2891 1184 2963 πεπείρανται
1208 2889 1234 2957 li.
1262 2891 1413 2957 tricenaria)
1437 2891 1484 2963 γὰρ
1510 2891 1555 2954 ὅτι,

321 2979 416 3034 ὁπόταν
431 2967 500 3035 οὗτοι
514 2973 558 3036 ani
571 2982 595 3036 ol
606 2983 701 3036 τούτων
714 2981 785 3054 λόγοι
798 2982 904 3036 δοκῶσιν
919 2979 993 3036 dirior
1005 2982 1069 3036 εἶναι
1082 2982 1236 3056 ψηφιεῖσθαι
1252 2982 1319 3052 ὑμᾶς
1332 2983 1400 3055 παρὰ
1411 2984 1441 3036 τὸ
1454 2983 1557 3044 δίκαιον,

322 3070 415 3142 ῥᾳδίως
433 3073 564 3145 παρὰίιῖιν
577 3071 731 3126 ἀδικούντων
749 3073 871 3146 χρήματα
888 3072 1062 3142 λαμβάνουσι,
1082 3079 1157 3128 ιιιιι
1174 3073 1243 3146 παρὰ
1262 3082 1313 3126 τῶν
1331 3073 1561 3143 ἀδικουμένων

324 3161 525 3229 corrigendum.
559 3161 703 3217 Scheibius
716 3169 807 3218 autem
825 3163 912 3228 (vind.
922 3163 988 3234 Lys.
999 3181 1026 3232 p.
1036 3165 1076 3227 98)
1093 3180 1153 3218 cnm
1167 3163 1303 3219 actionem
1315 3163 1415 3235 κλοπῆς
1428 3163 1559 3236 δημοσίων

320 3251 461 3324 χρημάτων
483 3253 570 3307 sclam
591 3254 731 3322 agnoscit,
754 3255 843 3325 δώρων
863 3253 965 3309 cumen
985 3255 1021 3308 ad
1043 3255 1120 3324 prius
1140 3255 1272 3316 iudicium
1297 3256 1317 3322 lt
1329 3257 1353 3319 3)
1377 3255 1508 3318 remittit,
1532 3258 1563 3314 οι

321 3342 414 3396 verbis
433 3342 502 3411 ipsis
520 3343 576 3398 vim
595 3343 664 3398 iacit
681 3350 710 3398 et
727 3345 913 3399 accusationis
933 3345 958 3397 ἐν
977 3343 1092 3404 tibiam:
1110 3345 1245 3399 rationem
1262 3359 1359 3414 parum
1378 3349 1462 3398 tenet.

388 3433 412 3497 ι)
433 3431 504 3486 Falli
522 3433 550 3488 iu
569 3449 640 3489 vers.
655 3449 777 3502 german.
793 3434 895 3505 Lysiae
912 3451 940 3504 p.
956 3435 1014 3486 too.
1036 3435 1071 3490 cl.
1087 3435 1168 3490 Blass
1180 3441 1238 3490 Aet.
1254 3435 1364 3489 Bereda
1384 3447 1411 3502 p.
1427 3437 1477 3486 446
1489 3451 1516 3488 ιι.
1532 3437 1557 3485 2.

321 3521 364 3575 De
377 3522 486 3591 legistis
499 3529 527 3578 et
539 3524 670 3594 euthycis
684 3530 786 3580 tenere
799 3525 936 3593 cogitavit
947 3525 1086 3580 Hamakar
1100 3523 1145 3590 lei·
1162 3524 1279 3582 Scheibe
1292 3527 1308 3578 l.
1324 3529 1372 3591 c).

387 3615 411 3676 3)
432 3612 545 3667 Diserta
556 3614 661 3668 mentio
674 3629 768 3669 eorum
780 3614 825 3670 bis
837 3621 944 3670 tantum
957 3616 1029 3669 intra
1042 3616 1136 3671 decem
1149 3630 1282 3670 annornm
1295 3617 1416 3686 spatium
1430 3615 1550 3670 inicitur.

319 3701 444 3772 Antipbq
457 3705 482 3766 6,
497 3705 530 3756 lo
549 3703 639 3763 οἵτινες
657 3705 700 3758 καὶ
712 3711 755 3758 νῦν
768 3707 902 3780 τριάκοντα
921 3709 985 3776 μνᾶς
1005 3705 1044 3759 ἐπ’
1062 3705 1120 3776 ἐμοὶ
1138 3705 1258 3777 λαβόντες
1276 3705 1345 3778 παρὰ
1362 3715 1413 3758 τῶν
1431 3713 1555 3777 ποριστῶν

216 3785 220 3790 ’
317 3792 361 3846 καὶ
376 3801 426 3846 τῶν
440 3789 565 3866 πωλτριιῖιν
578 3795 623 3848 καὶ
636 3803 687 3848 τῶν
700 3797 849 3869 πρακτόρων
862 3798 967 3850 καὶτῶν
980 3795 1200 3868 ιπιρραμμιτέων
1213 3815 1237 3850 κ.
1252 3815 1275 3850 τ.
1291 3796 1315 3852 t.
1335 3795 1482 3866 Aristopb.
1497 3811 1556 3850 ran.

320 3884 385 3934 1505
397 3871 452 3937 una
469 3899 531 3940 curu
551 3886 642 3954 legum
658 3885 828 3958 ἀνιρριρεισι
840 3892 1004 3956 carpuntur,
1026 3887 1072 3942 ubi
1092 3887 1179 3942 schol.
1193 3887 1265 3942 Rev.
1286 3888 1484 3956 interpretatur
1503 3893 1558 3946 τοῖς

317 3973 458 4044 πορισταῖς]
470 3980 524 4033 τοῖς
537 3975 695 4048 popula-scre,
717 3973 808 4031 Schol.
823 3975 892 4032 Ven.
907 3978 1011 4035 τούτοις
1022 3976 1090 4049 λέγει
1101 3977 1160 4036 τοὺς
1172 3977 1229 4046 περὶ
1241 3978 1320 4048 πόρου
1334 3978 1473 4052 χρημάτων
1487 3977 1558 4048 εἰση-

315 4057 466 4135 γοομινιιιςῖ
496 4063 630 4126 Similiter
648 4066 715 4120 Lex.
730 4066 801 4121 rbet.
822 4083 849 4136 p.
865 4069 914 4119 ost
927 4067 960 4121 B.
986 4067 1103 4138 ποριστι]
1122 4067 1182 4121 εἰσιν
1195 4067 1263 4142 ἀρχὴ
1282 4087 1319 4127 τις
1334 4065 1484 4140 Ἀθήνηαιν,
1502 4068 1558 4139 ἥτις

315 4155 410 4228 πόρους
422 4153 518 4226 ἐζήτει.
539 4155 588 4210 ἀπὸ
600 4156 690 4210 τούτου
702 4157 750 4229 γὰρ
762 4157 805 4210 καὶ
817 4157 1066 4231 προσηγορεύθησαν.
1087 4157 1157 4212 Nam
1170 4173 1204 4212 ex
1211 4158 1408 4214 Demosthenis
1417 4159 1477 4213 loco
1488 4163 1513 4226 4,
1523 4162 1556 4211 33

314 4253 364 4298 τῶν
384 4246 431 4314 μὲν
450 4247 591 4318 χρημάτων
610 4246 680 4300 αὐτοὶ
698 4247 786 4317 ταμίαι
803 4249 847 4301 καὶ
865 4249 979 4319 πορισταὶ
1000 4248 1130 4319 γενόμενοι
1154 4249 1220 4304 licet
1237 4249 1339 4304 idoneo
1361 4249 1557 4304 adactionem

314 4334 506 4391 illustrandam
525 4335 593 4391 nihil
611 4335 684 4392 albei
697 4337 732 4392 de
753 4343 829 4393 carto
850 4339 925 4394 illins
945 4339 1048 4394 aetatis
1066 4339 1231 4408 magistratu
1243 4339 1402 4394 Bceckbius
1417 4339 1556 4412 intellexit

313 4425 428 4480 Staatab.
448 4431 468 4488 l,
484 4429 533 4479 225
556 4433 617 4492 (non
634 4429 724 4484 tenuit
742 4428 888 4484 Rehdantz
906 4428 996 4498 prael.
1017 4430 1044 4482 in
1064 4413 1150 4484 Demss⁴
1162 4446 1202 4483 or.
1223 4429 1292 4485 Pbil.
1314 4433 1394 4497 551).
