<?xml version="1.0" encoding="UTF-8"?>
<!DOCTYPE html PUBLIC "-//W3C//DTD XHTML 1.0 Transitional//EN"
    "http://www.w3.org/TR/xhtml1/DTD/xhtml1-transitional.dtd">
<html xmlns="http://www.w3.org/1999/xhtml" xml:lang="en" lang="en">
 <head>
  <title>
</title>
<meta http-equiv="Content-Type" content="text/html;charset=utf-8" />
  <meta name='ocr-system' content='tesseract 3.04.00' />
  <meta name='ocr-capabilities' content='ocr_page ocr_carea ocr_par ocr_line ocrx_word'/>
</head>
<body>
  <div class='ocr_page' id='page_1' title='image "./georgiofrideric00schogoog_0026.png"; bbox 0 0 3574 5282; ppageno 0'>
   <div class='ocr_carea' id='block_1_1' title="bbox 314 839 1460 929">
    <p class='ocr_par' dir='ltr' id='par_1_1' title="bbox 314 839 1460 929">
     <span class='ocr_line' id='line_1_1' title="bbox 314 839 1460 929; baseline 0.004 -24"><span class='ocrx_word' id='word_1_1' title='bbox 314 839 408 918; x_wconf 87' lang='lat' dir='ltr'>Quod</span> <span class='ocrx_word' id='word_1_2' title='bbox 429 841 522 907; x_wconf 93' lang='lat' dir='ltr'>modo</span> <span class='ocrx_word' id='word_1_3' title='bbox 545 841 690 927; x_wconf 87' lang='lat' dir='ltr'>pluribus</span> <span class='ocrx_word' id='word_1_4' title='bbox 713 843 869 928; x_wconf 85' lang='lat' dir='ltr'>exemplis</span> <span class='ocrx_word' id='word_1_5' title='bbox 889 843 994 910; x_wconf 80' lang='lat' dir='ltr'><strong>edocti</strong></span> <span class='ocrx_word' id='word_1_6' title='bbox 1010 863 1130 929; x_wconf 85' lang='lat' dir='ltr'>snmus,</span> <span class='ocrx_word' id='word_1_7' title='bbox 1157 863 1253 926; x_wconf 90' lang='lat' dir='ltr'>quam</span> <span class='ocrx_word' id='word_1_8' title='bbox 1269 845 1359 911; x_wconf 85' lang='lat' dir='ltr'>nulla</span> <span class='ocrx_word' id='word_1_9' title='bbox 1373 850 1460 911; x_wconf 87' lang='lat' dir='ltr'>esset</span> 
     </span>
    </p>
   </div>
   <div class='ocr_carea' id='block_1_2' title="bbox 226 947 1461 1064">
    <p class='ocr_par' dir='ltr' id='par_1_2' title="bbox 226 947 1461 1064">
     <span class='ocr_line' id='line_1_2' title="bbox 226 947 1461 1064; baseline 0.006 -27"><span class='ocrx_word' id='word_1_10' title='bbox 226 971 307 1038; x_wconf 87' lang='lat' dir='ltr'>fides</span> <span class='ocrx_word' id='word_1_11' title='bbox 329 972 431 1039; x_wconf 89' lang='lat' dir='ltr'>titulis</span> <span class='ocrx_word' id='word_1_12' title='bbox 453 974 629 1041; x_wconf 89' lang='lat' dir='ltr'>orationum</span> <span class='ocrx_word' id='word_1_13' title='bbox 645 976 854 1062; x_wconf 87' lang='lat' dir='ltr'>Lysiaoarum</span> <span class='ocrx_word' id='word_1_14' title='bbox 869 977 903 1042; x_wconf 94' lang='lat' dir='ltr'>in</span> <span class='ocrx_word' id='word_1_15' title='bbox 925 975 1036 1043; x_wconf 86' lang='lat' dir='ltr'>codiee</span> <span class='ocrx_word' id='word_1_16' title='bbox 1051 976 1186 1059; x_wconf 87' lang='lat' dir='ltr'>traditis,</span> <span class='ocrx_word' id='word_1_17' title='bbox 1212 947 1298 1043; x_wconf 89' lang='lat' dir='ltr'>idem</span> <span class='ocrx_word' id='word_1_18' title='bbox 1313 998 1391 1064; x_wconf 87' lang='lat' dir='ltr'>prae</span> <span class='ocrx_word' id='word_1_19' title='bbox 1407 998 1461 1044; x_wconf 90' lang='lat' dir='ltr'>oe-</span> 
     </span>
    </p>
   </div>
   <div class='ocr_carea' id='block_1_3' title="bbox 208 1083 1569 4012">
    <p class='ocr_par' dir='ltr' id='par_1_3' title="bbox 227 1083 1569 1730">
     <span class='ocr_line' id='line_1_3' title="bbox 227 1083 1463 1197; baseline 0.006 -26"><span class='ocrx_word' id='word_1_20' title='bbox 227 1105 305 1172; x_wconf 86' lang='lat' dir='ltr'>teris</span> <span class='ocrx_word' id='word_1_21' title='bbox 321 1083 526 1192; x_wconf 79' lang='lat' dir='ltr'>perspicuum</span> <span class='ocrx_word' id='word_1_22' title='bbox 541 1107 685 1174; x_wconf 84' lang='lat' dir='ltr'><strong>redditur</strong></span> <span class='ocrx_word' id='word_1_23' title='bbox 699 1109 905 1195; x_wconf 71' lang='lat' dir='ltr'>inscriptione</span> <span class='ocrx_word' id='word_1_24' title='bbox 926 1110 1077 1176; x_wconf 85' lang='lat' dir='ltr'>orationis</span> <span class='ocrx_word' id='word_1_25' title='bbox 1099 1109 1227 1177; x_wconf 87' lang='lat' dir='ltr'>XXVII</span> <span class='ocrx_word' id='word_1_26' title='bbox 1248 1131 1342 1195; x_wconf 90' lang='lat' dir='ltr'>qnam</span> <span class='ocrx_word' id='word_1_27' title='bbox 1365 1131 1463 1197; x_wconf 88' lang='lat' dir='ltr'>supra</span> 
     </span>
     <span class='ocr_line' id='line_1_4' title="bbox 227 1237 1569 1334; baseline 0.003 -29"><span class='ocrx_word' id='word_1_28' title='bbox 227 1241 491 1308; x_wconf 75' lang='lat' dir='ltr'>memoravimus:</span> <span class='ocrx_word' id='word_1_29' title='bbox 530 1238 608 1308; x_wconf 81' lang='grc' dir='ltr'>κατὰ</span> <span class='ocrx_word' id='word_1_30' title='bbox 625 1237 820 1331; x_wconf 73' lang='grc' dir='ltr'>Ἐπικράτους</span> <span class='ocrx_word' id='word_1_31' title='bbox 841 1239 892 1308; x_wconf 78' lang='grc' dir='ltr'>καὶ</span> <span class='ocrx_word' id='word_1_32' title='bbox 912 1248 971 1308; x_wconf 87' lang='grc' dir='ltr'>τῶν</span> <span class='ocrx_word' id='word_1_33' title='bbox 995 1245 1240 1334; x_wconf 81' lang='grc' dir='ltr'>συμπρεσβευτῶν</span> <span class='ocrx_word' id='word_1_34' title='bbox 1262 1245 1398 1331; x_wconf 78' lang='grc' dir='ltr'><strong>ἐπίλογος</strong></span> <span class='ocrx_word' id='word_1_35' title='bbox 1420 1241 1462 1319; x_wconf 81' lang='grc' dir='ltr'>ὡς</span> <span class='ocrx_word' id='word_1_36' title='bbox 1567 1249 1569 1252; x_wconf 79' lang='grc'><strong>’</strong></span> 
     </span>
     <span class='ocr_line' id='line_1_5' title="bbox 229 1345 1464 1464; baseline 0.003 -25"><span class='ocrx_word' id='word_1_37' title='bbox 229 1370 396 1463; x_wconf 79' lang='grc' dir='ltr'>Θεόδωρος.</span> <span class='ocrx_word' id='word_1_38' title='bbox 421 1345 616 1460; x_wconf 77' lang='lat' dir='ltr'>onerptum</span> <span class='ocrx_word' id='word_1_39' title='bbox 630 1375 690 1442; x_wconf 88' lang='lat' dir='ltr'>hoo</span> <span class='ocrx_word' id='word_1_40' title='bbox 705 1374 830 1444; x_wconf 80' lang='lat' dir='ltr'>videtur</span> <span class='ocrx_word' id='word_1_41' title='bbox 845 1397 886 1443; x_wconf 84' lang='lat' dir='ltr'>ex</span> <span class='ocrx_word' id='word_1_42' title='bbox 900 1376 1021 1443; x_wconf 92' lang='lat' dir='ltr'>soholio</span> <span class='ocrx_word' id='word_1_43' title='bbox 1036 1377 1216 1461; x_wconf 80' lang='lat' dir='ltr'>antiquiore</span> <span class='ocrx_word' id='word_1_44' title='bbox 1231 1379 1353 1464; x_wconf 89' lang='lat' dir='ltr'>pariter</span> <span class='ocrx_word' id='word_1_45' title='bbox 1364 1385 1464 1461; x_wconf 85' lang='lat' dir='ltr'>atque</span> 
     </span>
     <span class='ocr_line' id='line_1_6' title="bbox 227 1507 1498 1603; baseline 0.004 -30"><span class='ocrx_word' id='word_1_46' title='bbox 227 1509 313 1592; x_wconf 91' lang='lat' dir='ltr'>quod</span> <span class='ocrx_word' id='word_1_47' title='bbox 333 1507 470 1575; x_wconf 84' lang='lat' dir='ltr'>orationi</span> <span class='ocrx_word' id='word_1_48' title='bbox 492 1517 626 1593; x_wconf 78' lang='lat' dir='ltr'>quartae</span> <span class='ocrx_word' id='word_1_49' title='bbox 650 1511 865 1594; x_wconf 85' lang='lat' dir='ltr'>praemittitur</span> <span class='ocrx_word' id='word_1_50' title='bbox 886 1509 954 1598; x_wconf 81' lang='grc' dir='ltr'>περὶ</span> <span class='ocrx_word' id='word_1_51' title='bbox 976 1508 1143 1599; x_wconf 71' lang='grc' dir='ltr'>τραύματος</span> <span class='ocrx_word' id='word_1_52' title='bbox 1166 1514 1200 1577; x_wconf 81' lang='grc' dir='ltr'>ἐκ</span> <span class='ocrx_word' id='word_1_53' title='bbox 1228 1512 1366 1603; x_wconf 81' lang='grc' dir='ltr'>προνοίας</span> <span class='ocrx_word' id='word_1_54' title='bbox 1393 1510 1461 1600; x_wconf 73' lang='grc' dir='ltr'>περὶ</span> <span class='ocrx_word' id='word_1_55' title='bbox 1496 1573 1498 1578; x_wconf 81' lang='grc'>,</span> 
     </span>
     <span class='ocr_line' id='line_1_7' title="bbox 227 1611 659 1730; baseline 0.005 -24"><span class='ocrx_word' id='word_1_56' title='bbox 227 1635 262 1708; x_wconf 81' lang='grc' dir='ltr'>οὗ</span> <span class='ocrx_word' id='word_1_57' title='bbox 284 1611 335 1707; x_wconf 81' lang='grc' dir='ltr'>καὶ</span> <span class='ocrx_word' id='word_1_58' title='bbox 356 1639 429 1730; x_wconf 81' lang='grc' dir='ltr'>πρὸς</span> <span class='ocrx_word' id='word_1_59' title='bbox 451 1637 484 1708; x_wconf 73' lang='grc' dir='ltr'>ὅν</span> <span class='ocrx_word' id='word_1_60' title='bbox 513 1637 659 1730; x_wconf 74' lang='grc' dir='ltr'>(ἄδηλον).</span> 
     </span>
    </p>

    <p class='ocr_par' dir='ltr' id='par_1_4' title="bbox 225 1778 1464 3078">
     <span class='ocr_line' id='line_1_8' title="bbox 317 1778 1464 1865; baseline 0.003 -23"><span class='ocrx_word' id='word_1_61' title='bbox 317 1778 476 1845; x_wconf 88' lang='lat' dir='ltr'>Nimirum</span> <span class='ocrx_word' id='word_1_62' title='bbox 508 1800 580 1845; x_wconf 88' lang='lat' dir='ltr'>oum</span> <span class='ocrx_word' id='word_1_63' title='bbox 608 1778 778 1863; x_wconf 81' lang='lat' dir='ltr'>Epiorates</span> <span class='ocrx_word' id='word_1_64' title='bbox 806 1801 881 1846; x_wconf 91' lang='lat' dir='ltr'>reus</span> <span class='ocrx_word' id='word_1_65' title='bbox 911 1787 1023 1865; x_wconf 90' lang='lat' dir='ltr'>aperte</span> <span class='ocrx_word' id='word_1_66' title='bbox 1052 1801 1184 1846; x_wconf 91' lang='lat' dir='ltr'>munere</span> <span class='ocrx_word' id='word_1_67' title='bbox 1213 1781 1341 1864; x_wconf 83' lang='lat' dir='ltr'>publico</span> <span class='ocrx_word' id='word_1_68' title='bbox 1373 1787 1464 1865; x_wconf 83' lang='lat' dir='ltr'>gesto</span> 
     </span>
     <span class='ocr_line' id='line_1_9' title="bbox 226 1912 1462 1998; baseline 0.001 -20"><span class='ocrx_word' id='word_1_69' title='bbox 226 1912 407 1997; x_wconf 88' lang='lat' dir='ltr'>postuletur</span> <span class='ocrx_word' id='word_1_70' title='bbox 430 1918 462 1978; x_wconf 90' lang='lat' dir='ltr'>et</span> <span class='ocrx_word' id='word_1_71' title='bbox 483 1918 612 1996; x_wconf 86' lang='lat' dir='ltr'>praeter</span> <span class='ocrx_word' id='word_1_72' title='bbox 633 1913 740 1998; x_wconf 88' lang='lat' dir='ltr'>ipsum</span> <span class='ocrx_word' id='word_1_73' title='bbox 763 1915 860 1980; x_wconf 87' lang='lat' dir='ltr'>etiam</span> <span class='ocrx_word' id='word_1_74' title='bbox 883 1915 1028 1998; x_wconf 80' lang='lat' dir='ltr'>collegae</span> <span class='ocrx_word' id='word_1_75' title='bbox 1051 1914 1181 1996; x_wconf 88' lang='lat' dir='ltr'>quidam</span> <span class='ocrx_word' id='word_1_76' title='bbox 1205 1921 1240 1980; x_wconf 89' lang='lat' dir='ltr'>ut</span> <span class='ocrx_word' id='word_1_77' title='bbox 1261 1915 1380 1980; x_wconf 88' lang='lat' dir='ltr'>oonsoii</span> <span class='ocrx_word' id='word_1_78' title='bbox 1403 1935 1462 1979; x_wconf 92' lang='lat' dir='ltr'>no·</span> 
     </span>
     <span class='ocr_line' id='line_1_10' title="bbox 226 2045 1461 2143; baseline 0.003 -33"><span class='ocrx_word' id='word_1_79' title='bbox 226 2052 342 2128; x_wconf 85' lang='lat' dir='ltr'>tentur,</span> <span class='ocrx_word' id='word_1_80' title='bbox 368 2045 555 2112; x_wconf 84' lang='lat' dir='ltr'>Theodorus</span> <span class='ocrx_word' id='word_1_81' title='bbox 578 2047 687 2114; x_wconf 84' lang='lat' dir='ltr'>neseio</span> <span class='ocrx_word' id='word_1_82' title='bbox 710 2049 781 2131; x_wconf 90' lang='lat' dir='ltr'>quis</span> <span class='ocrx_word' id='word_1_83' title='bbox 810 2049 970 2143; x_wconf 86' lang='lat' dir='ltr'>interpres</span> <span class='ocrx_word' id='word_1_84' title='bbox 999 2049 1058 2116; x_wconf 89' lang='lat' dir='ltr'>hoo</span> <span class='ocrx_word' id='word_1_85' title='bbox 1087 2048 1172 2114; x_wconf 90' lang='lat' dir='ltr'>idem</span> <span class='ocrx_word' id='word_1_86' title='bbox 1203 2069 1275 2116; x_wconf 86' lang='lat' dir='ltr'>esse</span> <span class='ocrx_word' id='word_1_87' title='bbox 1307 2049 1461 2115; x_wconf 90' lang='lat' dir='ltr'>iudioium</span> 
     </span>
     <span class='ocr_line' id='line_1_11' title="bbox 230 2178 1460 2271; baseline 0.002 -25"><span class='ocrx_word' id='word_1_88' title='bbox 230 2178 289 2246; x_wconf 84' lang='lat' dir='ltr'>sibi</span> <span class='ocrx_word' id='word_1_89' title='bbox 317 2181 482 2264; x_wconf 89' lang='lat' dir='ltr'>persuasit</span> <span class='ocrx_word' id='word_1_90' title='bbox 511 2200 573 2264; x_wconf 90' lang='lat' dir='ltr'>quo</span> <span class='ocrx_word' id='word_1_91' title='bbox 602 2179 786 2266; x_wconf 83' lang='lat' dir='ltr'>Epioratom</span> <span class='ocrx_word' id='word_1_92' title='bbox 815 2184 976 2265; x_wconf 88' lang='lat' dir='ltr'>quondam</span> <span class='ocrx_word' id='word_1_93' title='bbox 1006 2183 1166 2258; x_wconf 88' lang='lat' dir='ltr'>hominem</span> <span class='ocrx_word' id='word_1_94' title='bbox 1196 2185 1384 2271; x_wconf 81' lang='lat' dir='ltr'>popularem</span> <span class='ocrx_word' id='word_1_95' title='bbox 1420 2184 1460 2249; x_wconf 91' lang='lat' dir='ltr'>ob</span> 
     </span>
     <span class='ocr_line' id='line_1_12' title="bbox 234 2315 1461 2402; baseline 0.003 -23"><span class='ocrx_word' id='word_1_96' title='bbox 234 2315 311 2380; x_wconf 83' lang='lat' dir='ltr'>maie</span> <span class='ocrx_word' id='word_1_97' title='bbox 332 2322 459 2398; x_wconf 85' lang='lat' dir='ltr'>gestam</span> <span class='ocrx_word' id='word_1_98' title='bbox 481 2315 676 2400; x_wconf 78' lang='lat' dir='ltr'>legationem</span> <span class='ocrx_word' id='word_1_99' title='bbox 706 2336 772 2381; x_wconf 85' lang='lat' dir='ltr'>uua</span> <span class='ocrx_word' id='word_1_100' title='bbox 799 2337 872 2383; x_wconf 91' lang='lat' dir='ltr'>oum</span> <span class='ocrx_word' id='word_1_101' title='bbox 900 2319 1033 2402; x_wconf 81' lang='lat' dir='ltr'>collegis</span> <span class='ocrx_word' id='word_1_102' title='bbox 1062 2328 1162 2387; x_wconf 88' lang='lat' dir='ltr'>morte</span> <span class='ocrx_word' id='word_1_103' title='bbox 1189 2320 1357 2387; x_wconf 87' lang='lat' dir='ltr'>multatum</span> <span class='ocrx_word' id='word_1_104' title='bbox 1389 2337 1461 2385; x_wconf 90' lang='lat' dir='ltr'>esse</span> 
     </span>
     <span class='ocr_line' id='line_1_13' title="bbox 232 2445 1461 2538; baseline 0.002 -25"><span class='ocrx_word' id='word_1_105' title='bbox 232 2445 459 2518; x_wconf 74' lang='lat' dir='ltr'>Demosthenes</span> <span class='ocrx_word' id='word_1_106' title='bbox 481 2457 589 2516; x_wconf 87' lang='lat' dir='ltr'>narrat</span> <span class='ocrx_word' id='word_1_107' title='bbox 617 2450 677 2533; x_wconf 86' lang='grc'><strong>(19,</strong></span> <span class='ocrx_word' id='word_1_108' title='bbox 697 2452 791 2536; x_wconf 78' lang='grc'><strong>217);</strong></span> <span class='ocrx_word' id='word_1_109' title='bbox 827 2451 967 2535; x_wconf 88' lang='lat' dir='ltr'>indeque</span> <span class='ocrx_word' id='word_1_110' title='bbox 989 2453 1109 2521; x_wconf 85' lang='lat' dir='ltr'>faotum</span> <span class='ocrx_word' id='word_1_111' title='bbox 1133 2462 1197 2538; x_wconf 85' lang='lat' dir='ltr'>est,</span> <span class='ocrx_word' id='word_1_112' title='bbox 1229 2462 1265 2521; x_wconf 89' lang='lat' dir='ltr'>ut</span> <span class='ocrx_word' id='word_1_113' title='bbox 1290 2454 1390 2520; x_wconf 85' lang='lat' dir='ltr'>verba</span> <span class='ocrx_word' id='word_1_114' title='bbox 1420 2451 1461 2517; x_wconf 91' lang='lat' dir='ltr'>ab</span> 
     </span>
     <span class='ocr_line' id='line_1_14' title="bbox 227 2579 1460 2672; baseline 0.004 -27"><span class='ocrx_word' id='word_1_115' title='bbox 227 2581 280 2646; x_wconf 93' lang='lat' dir='ltr'>illo</span> <span class='ocrx_word' id='word_1_116' title='bbox 302 2581 416 2649; x_wconf 87' lang='lat' dir='ltr'>addita</span> <span class='ocrx_word' id='word_1_117' title='bbox 435 2579 488 2648; x_wconf 78' lang='lat' dir='ltr'>nat</span> <span class='ocrx_word' id='word_1_118' title='bbox 509 2589 568 2649; x_wconf 83' lang='grc' dir='ltr'>τῶν</span> <span class='ocrx_word' id='word_1_119' title='bbox 590 2585 836 2672; x_wconf 78' lang='grc' dir='ltr'>συμπρεσβευτῶν</span> <span class='ocrx_word' id='word_1_120' title='bbox 851 2585 886 2650; x_wconf 93' lang='lat' dir='ltr'>in</span> <span class='ocrx_word' id='word_1_121' title='bbox 907 2587 1014 2672; x_wconf 87' lang='lat' dir='ltr'>ipsum</span> <span class='ocrx_word' id='word_1_122' title='bbox 1029 2589 1183 2656; x_wconf 89' lang='lat' dir='ltr'>orationis</span> <span class='ocrx_word' id='word_1_123' title='bbox 1199 2589 1364 2656; x_wconf 85' lang='lat' dir='ltr'>exordium</span> <span class='ocrx_word' id='word_1_124' title='bbox 1379 2587 1460 2651; x_wconf 87' lang='lat' dir='ltr'>irre-</span> 
     </span>
     <span class='ocr_line' id='line_1_15' title="bbox 225 2717 1461 2808; baseline 0.003 -26"><span class='ocrx_word' id='word_1_125' title='bbox 225 2723 340 2800; x_wconf 88' lang='lat' dir='ltr'>perent</span> <span class='ocrx_word' id='word_1_126' title='bbox 359 2717 386 2802; x_wconf 83' lang='lat'>(§</span> <span class='ocrx_word' id='word_1_127' title='bbox 404 2718 447 2802; x_wconf 89' lang='lat'>1).</span> <span class='ocrx_word' id='word_1_128' title='bbox 479 2718 585 2801; x_wconf 86' lang='lat' dir='ltr'>Atque</span> <span class='ocrx_word' id='word_1_129' title='bbox 607 2717 744 2786; x_wconf 90' lang='lat' dir='ltr'>eundem</span> <span class='ocrx_word' id='word_1_130' title='bbox 759 2719 943 2805; x_wconf 81' lang='lat' dir='ltr'>Epicratem</span> <span class='ocrx_word' id='word_1_131' title='bbox 965 2727 996 2787; x_wconf 90' lang='lat' dir='ltr'>et</span> <span class='ocrx_word' id='word_1_132' title='bbox 1011 2723 1143 2808; x_wconf 88' lang='lat' dir='ltr'>aLysia</span> <span class='ocrx_word' id='word_1_133' title='bbox 1159 2731 1191 2790; x_wconf 89' lang='lat' dir='ltr'>et</span> <span class='ocrx_word' id='word_1_134' title='bbox 1206 2745 1227 2788; x_wconf 87' lang='lat' dir='ltr'>a</span> <span class='ocrx_word' id='word_1_135' title='bbox 1244 2720 1461 2788; x_wconf 73' lang='lat' dir='ltr'>Demosthene</span> 
     </span>
     <span class='ocr_line' id='line_1_16' title="bbox 225 2848 1461 2940; baseline 0.003 -27"><span class='ocrx_word' id='word_1_136' title='bbox 225 2848 412 2932; x_wconf 81' lang='lat' dir='ltr'>significari,</span> <span class='ocrx_word' id='word_1_137' title='bbox 437 2849 471 2916; x_wconf 93' lang='lat' dir='ltr'>id</span> <span class='ocrx_word' id='word_1_138' title='bbox 493 2851 622 2934; x_wconf 89' lang='lat' dir='ltr'>quidem</span> <span class='ocrx_word' id='word_1_139' title='bbox 644 2851 700 2918; x_wconf 92' lang='lat' dir='ltr'>ille</span> <span class='ocrx_word' id='word_1_140' title='bbox 722 2851 810 2920; x_wconf 90' lang='lat' dir='ltr'>haud</span> <span class='ocrx_word' id='word_1_141' title='bbox 828 2853 938 2938; x_wconf 87' lang='lat' dir='ltr'>inepte</span> <span class='ocrx_word' id='word_1_142' title='bbox 953 2855 1137 2940; x_wconf 81' lang='lat' dir='ltr'>suspicatus</span> <span class='ocrx_word' id='word_1_143' title='bbox 1153 2865 1213 2923; x_wconf 88' lang='lat' dir='ltr'>est.</span> <span class='ocrx_word' id='word_1_144' title='bbox 1245 2857 1360 2939; x_wconf 85' lang='lat' dir='ltr'>Neque</span> <span class='ocrx_word' id='word_1_145' title='bbox 1375 2853 1461 2920; x_wconf 92' lang='lat' dir='ltr'>enim</span> 
     </span>
     <span class='ocr_line' id='line_1_17' title="bbox 225 2983 1461 3078; baseline 0.002 -30"><span class='ocrx_word' id='word_1_146' title='bbox 225 2983 311 3065; x_wconf 91' lang='lat' dir='ltr'>quod</span> <span class='ocrx_word' id='word_1_147' title='bbox 339 3005 360 3049; x_wconf 85' lang='lat' dir='ltr'>a</span> <span class='ocrx_word' id='word_1_148' title='bbox 387 2983 604 3052; x_wconf 86' lang='lat' dir='ltr'>Demosthene</span> <span class='ocrx_word' id='word_1_149' title='bbox 631 2985 837 3070; x_wconf 75' lang='lat' dir='ltr'>praedicatur</span> <span class='ocrx_word' id='word_1_150' title='bbox 864 2983 957 3073; x_wconf 75' lang='grc' dir='ltr'>ἀνήρ,</span> <span class='ocrx_word' id='word_1_151' title='bbox 997 2984 1038 3062; x_wconf 83' lang='grc' dir='ltr'>ὡς</span> <span class='ocrx_word' id='word_1_152' title='bbox 1071 2987 1132 3075; x_wconf 75' lang='grc' dir='ltr'>ἐγὼ</span> <span class='ocrx_word' id='word_1_153' title='bbox 1164 2996 1223 3054; x_wconf 77' lang='grc' dir='ltr'>τῶν</span> <span class='ocrx_word' id='word_1_154' title='bbox 1256 2988 1461 3078; x_wconf 79' lang='grc' dir='ltr'>πρεσβυτέρων</span> 
     </span>
    </p>

    <p class='ocr_par' dir='ltr' id='par_1_5' title="bbox 208 3089 1508 4012">
     <span class='ocr_line' id='line_1_18' title="bbox 208 3089 1462 3210; baseline 0.003 -29"><span class='ocrx_word' id='word_1_155' title='bbox 208 3089 347 3196; x_wconf 65' lang='grc' dir='ltr'>ἄκουον,</span> <span class='ocrx_word' id='word_1_156' title='bbox 379 3120 539 3192; x_wconf 81' lang='grc' dir='ltr'>σπουδαῖος</span> <span class='ocrx_word' id='word_1_157' title='bbox 566 3117 617 3184; x_wconf 84' lang='grc' dir='ltr'>καὶ</span> <span class='ocrx_word' id='word_1_158' title='bbox 646 3116 742 3186; x_wconf 82' lang='grc' dir='ltr'>πολλὰ</span> <span class='ocrx_word' id='word_1_159' title='bbox 764 3115 911 3207; x_wconf 74' lang='grc' dir='ltr'>χρήσιμος</span> <span class='ocrx_word' id='word_1_160' title='bbox 932 3147 968 3209; x_wconf 66' lang='lat' dir='ltr'>ep</span> <span class='ocrx_word' id='word_1_161' title='bbox 992 3118 1079 3189; x_wconf 84' lang='grc' dir='ltr'>πόλει</span> <span class='ocrx_word' id='word_1_162' title='bbox 1100 3121 1151 3188; x_wconf 77' lang='grc' dir='ltr'>καὶ</span> <span class='ocrx_word' id='word_1_163' title='bbox 1173 3129 1231 3190; x_wconf 81' lang='grc' dir='ltr'>τῶν</span> <span class='ocrx_word' id='word_1_164' title='bbox 1254 3127 1288 3188; x_wconf 82' lang='grc' dir='ltr'>ἐκ</span> <span class='ocrx_word' id='word_1_165' title='bbox 1311 3123 1462 3210; x_wconf 76' lang='grc' dir='ltr'>Πειραιῶς</span> 
     </span>
     <span class='ocr_line' id='line_1_19' title="bbox 225 3247 1462 3349; baseline 0.006 -34"><span class='ocrx_word' id='word_1_166' title='bbox 225 3247 454 3338; x_wconf 78' lang='grc' dir='ltr'>καταγαγόντων</span> <span class='ocrx_word' id='word_1_167' title='bbox 486 3248 536 3317; x_wconf 84' lang='grc' dir='ltr'>τὸν</span> <span class='ocrx_word' id='word_1_168' title='bbox 571 3255 684 3339; x_wconf 72' lang='grc' dir='ltr'>δῆμον,</span> <span class='ocrx_word' id='word_1_169' title='bbox 719 3252 771 3318; x_wconf 83' lang='grc' dir='ltr'>καὶ</span> <span class='ocrx_word' id='word_1_170' title='bbox 804 3247 903 3326; x_wconf 82' lang='grc' dir='ltr'>ἄλλως</span> <span class='ocrx_word' id='word_1_171' title='bbox 937 3252 1111 3341; x_wconf 78' lang='grc' dir='ltr'>δημοτικός,</span> <span class='ocrx_word' id='word_1_172' title='bbox 1144 3264 1259 3349; x_wconf 54' lang='grc' dir='ltr'>γυυυττυ</span> <span class='ocrx_word' id='word_1_173' title='bbox 1293 3261 1462 3323; x_wconf 74' lang='lat' dir='ltr'>aecusator</span> 
     </span>
     <span class='ocr_line' id='line_1_20' title="bbox 225 3384 1508 3476; baseline 0.001 -25"><span class='ocrx_word' id='word_1_174' title='bbox 225 3384 442 3453; x_wconf 82' lang='lat' dir='ltr'>fraudatorem</span> <span class='ocrx_word' id='word_1_175' title='bbox 465 3393 498 3454; x_wconf 91' lang='lat' dir='ltr'>et</span> <span class='ocrx_word' id='word_1_176' title='bbox 519 3387 801 3472; x_wconf 86' lang='lat' dir='ltr'>quadruplatorem</span> <span class='ocrx_word' id='word_1_177' title='bbox 823 3387 1075 3472; x_wconf 83' lang='lat' dir='ltr'>perditissimum</span> <span class='ocrx_word' id='word_1_178' title='bbox 1094 3389 1250 3476; x_wconf 85' lang='lat' dir='ltr'>depingit,</span> <span class='ocrx_word' id='word_1_179' title='bbox 1277 3391 1462 3476; x_wconf 83' lang='lat' dir='ltr'>scrupulum</span> <span class='ocrx_word' id='word_1_180' title='bbox 1506 3415 1508 3419; x_wconf 94' lang='lat'>·</span> 
     </span>
     <span class='ocr_line' id='line_1_21' title="bbox 224 3487 1462 3609; baseline 0.003 -25"><span class='ocrx_word' id='word_1_181' title='bbox 224 3519 287 3585; x_wconf 90' lang='lat' dir='ltr'>nisi</span> <span class='ocrx_word' id='word_1_182' title='bbox 309 3487 483 3586; x_wconf 83' lang='lat' dir='ltr'>foriAttioi</span> <span class='ocrx_word' id='word_1_183' title='bbox 505 3520 619 3604; x_wconf 81' lang='lat' dir='ltr'>ignaro</span> <span class='ocrx_word' id='word_1_184' title='bbox 641 3541 769 3588; x_wconf 86' lang='lat' dir='ltr'>movere</span> <span class='ocrx_word' id='word_1_185' title='bbox 791 3521 939 3605; x_wconf 82' lang='lat' dir='ltr'>cuiquam</span> <span class='ocrx_word' id='word_1_186' title='bbox 962 3523 1102 3606; x_wconf 72' lang='lat' dir='ltr'>poterin</span> <span class='ocrx_word' id='word_1_187' title='bbox 1123 3544 1195 3590; x_wconf 89' lang='lat' dir='ltr'>oum</span> <span class='ocrx_word' id='word_1_188' title='bbox 1210 3543 1288 3609; x_wconf 89' lang='lat' dir='ltr'>opes</span> <span class='ocrx_word' id='word_1_189' title='bbox 1303 3530 1336 3590; x_wconf 86' lang='lat' dir='ltr'>et</span> <span class='ocrx_word' id='word_1_190' title='bbox 1350 3529 1462 3590; x_wconf 86' lang='lat' dir='ltr'>auoto-</span> 
     </span>
     <span class='ocr_line' id='line_1_22' title="bbox 224 3650 1463 3743; baseline 0.007 -28"><span class='ocrx_word' id='word_1_191' title='bbox 224 3651 351 3718; x_wconf 88' lang='lat' dir='ltr'>ritatem</span> <span class='ocrx_word' id='word_1_192' title='bbox 374 3650 512 3719; x_wconf 91' lang='lat' dir='ltr'>hominis</span> <span class='ocrx_word' id='word_1_193' title='bbox 535 3653 569 3719; x_wconf 93' lang='lat' dir='ltr'>in</span> <span class='ocrx_word' id='word_1_194' title='bbox 591 3655 758 3740; x_wconf 81' lang='lat' dir='ltr'>republica</span> <span class='ocrx_word' id='word_1_195' title='bbox 779 3654 1036 3722; x_wconf 89' lang='lat' dir='ltr'>administranda</span> <span class='ocrx_word' id='word_1_196' title='bbox 1058 3657 1179 3723; x_wconf 87' lang='lat' dir='ltr'>versati</span> <span class='ocrx_word' id='word_1_197' title='bbox 1201 3657 1364 3724; x_wconf 86' lang='lat' dir='ltr'>aoousatio</span> <span class='ocrx_word' id='word_1_198' title='bbox 1389 3657 1463 3743; x_wconf 87' lang='lat' dir='ltr'>ipsa</span> 
     </span>
     <span class='ocr_line' id='line_1_23' title="bbox 225 3786 1462 3878; baseline 0.006 -28"><span class='ocrx_word' id='word_1_199' title='bbox 225 3805 351 3869; x_wconf 88' lang='lat' dir='ltr'>quoqne</span> <span class='ocrx_word' id='word_1_200' title='bbox 372 3786 494 3853; x_wconf 87' lang='lat' dir='ltr'>diserte</span> <span class='ocrx_word' id='word_1_201' title='bbox 517 3787 727 3868; x_wconf 67' lang='lat' dir='ltr'>confirmem).</span> <span class='ocrx_word' id='word_1_202' title='bbox 767 3787 917 3854; x_wconf 85' lang='lat' dir='ltr'>Attamen</span> <span class='ocrx_word' id='word_1_203' title='bbox 939 3789 1060 3873; x_wconf 84' lang='lat' dir='ltr'>legatio</span> <span class='ocrx_word' id='word_1_204' title='bbox 1082 3789 1139 3856; x_wconf 86' lang='lat' dir='ltr'>illa</span> <span class='ocrx_word' id='word_1_205' title='bbox 1166 3813 1186 3856; x_wconf 98' lang='lat' dir='ltr'>a</span> <span class='ocrx_word' id='word_1_206' title='bbox 1209 3811 1308 3858; x_wconf 86' lang='lat' dir='ltr'>eausa</span> <span class='ocrx_word' id='word_1_207' title='bbox 1323 3792 1462 3878; x_wconf 86' lang='lat' dir='ltr'>Lysiaoa</span> 
     </span>
     <span class='ocr_line' id='line_1_24' title="bbox 225 3918 1461 4012; baseline 0.007 -29"><span class='ocrx_word' id='word_1_208' title='bbox 225 3939 356 4004; x_wconf 86' lang='lat' dir='ltr'>prorsus</span> <span class='ocrx_word' id='word_1_209' title='bbox 378 3918 487 3986; x_wconf 86' lang='lat' dir='ltr'>aliena</span> <span class='ocrx_word' id='word_1_210' title='bbox 510 3926 570 3986; x_wconf 90' lang='lat' dir='ltr'>est.</span> <span class='ocrx_word' id='word_1_211' title='bbox 611 3919 705 3985; x_wconf 79' lang='lat' dir='ltr'>Certe</span> <span class='ocrx_word' id='word_1_212' title='bbox 728 3919 771 3986; x_wconf 87' lang='lat' dir='ltr'>ad</span> <span class='ocrx_word' id='word_1_213' title='bbox 793 3920 888 4004; x_wconf 84' lang='lat' dir='ltr'>longe</span> <span class='ocrx_word' id='word_1_214' title='bbox 911 3921 1074 3990; x_wconf 88' lang='lat' dir='ltr'>diversum</span> <span class='ocrx_word' id='word_1_215' title='bbox 1096 3944 1199 4008; x_wconf 83' lang='lat' dir='ltr'>genus</span> <span class='ocrx_word' id='word_1_216' title='bbox 1222 3924 1319 3992; x_wconf 86' lang='lat' dir='ltr'>offioii</span> <span class='ocrx_word' id='word_1_217' title='bbox 1341 3926 1461 4012; x_wconf 89' lang='lat' dir='ltr'>publioi</span> 
     </span>
    </p>
   </div>
   <div class='ocr_carea' id='block_1_4' title="bbox 225 4051 1460 4146">
    <p class='ocr_par' dir='ltr' id='par_1_6' title="bbox 225 4051 1460 4146">
     <span class='ocr_line' id='line_1_25' title="bbox 225 4051 1460 4146; baseline 0.005 -28"><span class='ocrx_word' id='word_1_218' title='bbox 225 4053 387 4137; x_wconf 86' lang='lat' dir='ltr'>pertinent</span> <span class='ocrx_word' id='word_1_219' title='bbox 409 4053 489 4120; x_wconf 81' lang='lat' dir='ltr'>haee</span> <span class='ocrx_word' id='word_1_220' title='bbox 517 4053 543 4138; x_wconf 63' lang='grc' dir='ltr'>(ξ</span> <span class='ocrx_word' id='word_1_221' title='bbox 559 4055 608 4138; x_wconf 78' lang='lat' dir='ltr'>3t³</span> <span class='ocrx_word' id='word_1_222' title='bbox 634 4053 733 4118; x_wconf 82' lang='grc' dir='ltr'>καίτοι</span> <span class='ocrx_word' id='word_1_223' title='bbox 753 4054 820 4119; x_wconf 83' lang='grc' dir='ltr'>τίνα</span> <span class='ocrx_word' id='word_1_224' title='bbox 841 4051 901 4142; x_wconf 75' lang='grc' dir='ltr'>χρὴ</span> <span class='ocrx_word' id='word_1_225' title='bbox 924 4056 1032 4120; x_wconf 75' lang='grc' dir='ltr'>ἐλπίδα</span> <span class='ocrx_word' id='word_1_226' title='bbox 1054 4055 1136 4143; x_wconf 83' lang='grc' dir='ltr'>ἔχειν</span> <span class='ocrx_word' id='word_1_227' title='bbox 1152 4058 1317 4146; x_wconf 70' lang='grc' dir='ltr'>σωτηρίας,</span> <span class='ocrx_word' id='word_1_228' title='bbox 1351 4055 1460 4126; x_wconf 80' lang='grc' dir='ltr'>ὁπόταν</span> 
     </span>
    </p>
   </div>
   <div class='ocr_carea' id='block_1_5' title="bbox 226 4361 1459 4504">
    <p class='ocr_par' dir='ltr' id='par_1_7' title="bbox 226 4361 1459 4504">
     <span class='ocr_line' id='line_1_26' title="bbox 296 4361 1459 4441; baseline 0.007 -29"><span class='ocrx_word' id='word_1_229' title='bbox 296 4364 319 4425; x_wconf 84' lang='lat' dir='ltr'>i)</span> <span class='ocrx_word' id='word_1_230' title='bbox 340 4361 389 4428; x_wconf 65' lang='lat'>55.</span> <span class='ocrx_word' id='word_1_231' title='bbox 404 4365 420 4416; x_wconf 83' lang='lat'><strong>6</strong></span> <span class='ocrx_word' id='word_1_232' title='bbox 437 4363 469 4434; x_wconf 75' lang='grc' dir='ltr'>τῇ</span> <span class='ocrx_word' id='word_1_233' title='bbox 488 4361 571 4416; x_wconf 73' lang='grc' dir='ltr'>αὑτῶν</span> <span class='ocrx_word' id='word_1_234' title='bbox 589 4363 694 4433; x_wconf 77' lang='grc' dir='ltr'>δυνάμει</span> <span class='ocrx_word' id='word_1_235' title='bbox 709 4363 855 4438; x_wconf 75' lang='grc' dir='ltr'>Ιἐσώ11νγσυιν.</span> <span class='ocrx_word' id='word_1_236' title='bbox 890 4367 930 4419; x_wconf 83' lang='lat' dir='ltr'>it).</span> <span class='ocrx_word' id='word_1_237' title='bbox 949 4365 1034 4419; x_wconf 72' lang='grc' dir='ltr'>καίτοι</span> <span class='ocrx_word' id='word_1_238' title='bbox 1047 4365 1076 4419; x_wconf 71' lang='lat' dir='ltr'>od</span> <span class='ocrx_word' id='word_1_239' title='bbox 1088 4371 1166 4419; x_wconf 82' lang='grc' dir='ltr'>ταῦτα</span> <span class='ocrx_word' id='word_1_240' title='bbox 1182 4367 1284 4439; x_wconf 74' lang='grc' dir='ltr'>ἀγαθῶν</span> <span class='ocrx_word' id='word_1_241' title='bbox 1299 4367 1459 4441; x_wconf 76' lang='grc' dir='ltr'>δημαγωγῶν</span> 
     </span>
     <span class='ocr_line' id='line_1_27' title="bbox 226 4451 352 4504; baseline 0 0"><span class='ocrx_word' id='word_1_242' title='bbox 226 4451 278 4504; x_wconf 75' lang='grc' dir='ltr'>ἐστι</span> <span class='ocrx_word' id='word_1_243' title='bbox 295 4451 352 4504; x_wconf 68' lang='grc' dir='ltr'>κτλ.</span> 
     </span>
    </p>
   </div>
   <div class='ocr_carea' id='block_1_6' title="bbox 1236 4567 1251 4611">
    <p class='ocr_par' dir='ltr' id='par_1_8' title="bbox 1236 4567 1251 4611">
     <span class='ocr_line' id='line_1_28' title="bbox 1236 4567 1251 4611; baseline 0 0"><span class='ocrx_word' id='word_1_244' title='bbox 1236 4567 1251 4611; x_wconf 72' lang='lat'>2</span> 
     </span>
    </p>
   </div>
   <div class='ocr_carea' id='block_1_7' title="bbox 0 0 1792 5282">
    <p class='ocr_par' dir='ltr' id='par_1_9' title="bbox 0 0 1792 5282">
     <span class='ocr_line' id='line_1_29' title="bbox 0 0 1792 5282; baseline 0 0"><span class='ocrx_word' id='word_1_245' title='bbox 0 0 1792 5282; x_wconf 95' lang='lat' dir='ltr'> </span> 
     </span>
    </p>
   </div>
  </div>
 </body>
</html>
