3574 5282
947 370 985 432 12

348 619 526 712 ἀπογραφήν
547 625 632 690 bona
653 623 880 708 proscribenda
902 624 1102 709 postulantur
1113 627 1147 710 ¹).
1188 623 1230 688 Et
1251 643 1367 709 reapse
1382 627 1449 689 tota
1463 623 1579 690 actoris

344 756 505 842 expositio
519 755 580 823 hoe
595 763 730 841 spectat,
759 763 795 823 ut
809 755 1049 842 proscriptionis
1064 756 1242 841 periculum
1257 761 1391 824 avertat.
1430 755 1579 822 Pluribus

347 887 431 956 enim
454 887 652 956 demonstrat
678 889 743 956 iam
772 909 874 973 usque
902 889 984 957 adeo
1012 889 1237 974 patrimonium
1271 909 1306 956 se
1334 909 1397 956 non
1424 895 1490 954 tarn
1519 887 1579 954 sibi

346 1021 484 1105 filiisque
507 1041 602 1103 quam
624 1022 744 1107 populo
765 1021 965 1107 possedisse;
991 1022 1099 1106 itaque
1121 1023 1168 1090 rei
1189 1022 1338 1109 publicae
1354 1042 1395 1089 ex
1408 1021 1501 1089 bonis
1516 1021 1580 1106 ipsi

275 1198 278 1205 ·
345 1155 482 1224 servatis
504 1157 577 1240 plus
599 1153 756 1221 commodi
771 1174 867 1239 quam
882 1175 923 1221 ex
938 1155 1109 1241 publicatis
1125 1155 1391 1235 redundaturum
1417 1154 1581 1240 publicata

345 1309 410 1358 non
431 1259 558 1356 aerario
579 1289 638 1356 sed
658 1288 839 1356 hominibus
854 1289 1006 1374 improbis
1021 1289 1110 1356 lucro
1125 1288 1204 1369 fore,
1230 1295 1327 1372 atque
1347 1287 1381 1354 iu
1395 1307 1497 1373 genus
1513 1288 1580 1354 alia

350 1423 400 1508 (oi.
423 1427 557 1488 11-14.
579 1427 618 1488 16
634 1443 682 1507 sq.
701 1425 774 1506 23):
802 1421 939 1506 denique
962 1423 1073 1488 eodem
1095 1423 1206 1488 valent
1228 1421 1344 1506 quibus
1366 1428 1494 1507 perorat
1508 1416 1579 1507 ἡμῖν

346 1556 399 1643 μὲν
423 1554 519 1622 δεινὸν
549 1552 616 1642 θρῖν
646 1556 679 1622 δὲ
709 1554 815 1645 αἰχρόν
849 1555 943 1638 εἶναι,
980 1557 1007 1622 εἰ
1035 1551 1331 1642 ἀναγκασθησόμεθα
1358 1552 1406 1620 ἐπὶ
1428 1549 1579 1627 τοιαύταις

344 1691 453 1765 αἰτίαις
483 1683 583 1776 ἄτιμοι
603 1691 745 1777 γενέσθαι
767 1689 818 1756 καὶ
841 1690 1032 1778 στερηθέντες
1054 1694 1112 1756 τῶν
1135 1685 1327 1777 ὑπαρχόντων
1349 1689 1472 1776 πένητες
1502 1686 1580 1754 εἶναι

344 1822 395 1889 καὶ
416 1828 536 1890 πολλῶν
559 1825 669 1898 ἐνδεεῖς
691 1816 772 1900 ’όντες
794 1825 950 1912 περιϊέναι,
977 1819 1083 1896 ἀνάξια
1102 1822 1156 1909 μὲν
1171 1817 1257 1910 ἡμῶν
1274 1819 1370 1888 αὐτῶν
1385 1817 1574 1904 πεπονθότες,
1632 1813 1636 1825 ’

345 1952 451 2030 ἀνάξια
474 1956 507 2023 δὲ
529 1962 587 2024 τῶν
610 1958 653 2031 εἰς
676 1953 753 2043 ὑμᾶς
775 1953 980 2045 ὑπηργμένων.
1090 1978 1092 1984 ·

429 2092 546 2160 Aliena
577 2092 676 2177 igitur
708 2093 750 2158 ab
783 2091 844 2158 hac
876 2111 978 2159 eausa
1007 2087 1108 2178 γραφὴ
1144 2089 1341 2178 impotentiae:
1381 2109 1441 2156 nee
1473 2089 1578 2174 magis

343 2223 523 2292 audiendus
545 2225 600 2309 qui
621 2246 723 2311 nuper
744 2225 852 2311 posuit
866 2231 994 2310 praeter
1008 2225 1127 2292 cumen
1142 2223 1298 2309 pecuniae
1312 2230 1465 2309 acceptae
1480 2223 1577 2290 etiam

343 2357 555 2444 depeculata
579 2358 706 2445 publico
729 2359 949 2442 quaestionem
971 2379 1061 2442 esse,
1093 2358 1244 2444 coniungi
1271 2364 1379 2424 autem
1407 2363 1576 2439 utrumque

344 2491 463 2559 crimen
484 2493 537 2559 vel
559 2513 618 2578 per
640 2491 829 2578 εἰσαγγελίαν
852 2494 904 2559 vel
925 2493 957 2558 ἐν
980 2488 1119 2566 εὐθύναις
1127 2494 1165 2577 ²).
1204 2493 1305 2558 Immo
1327 2498 1436 2559 eontm
1457 2490 1577 2558 rectius

343 2625 533 2692 contendas:
564 2647 637 2692 oum
666 2626 750 2691 bona
779 2626 912 2710 actoris,
950 2625 1006 2710 qui
1028 2625 1150 2692 scilieet
1177 2625 1385 2711 optimatibus
1413 2624 1576 2692 studuisse

341 2758 553 2844 insimuletur,
579 2760 612 2825 in
627 2758 866 2844 proscriptionis
882 2758 1051 2826 discrimen
1065 2759 1206 2842 veniant,
1231 2759 1266 2826 in
1281 2758 1388 2825 causis
1405 2756 1576 2825 delationis

341 2893 438 2958 etiam
466 2891 548 2959 illud
575 2898 728 2978 acceptae
757 2891 914 2976 pecuniae
947 2892 1067 2958 crimen
1096 2911 1169 2959 esse
1196 2890 1402 2959 censendum.
1447 2890 1574 2958 Etenim

341 3023 418 3108 quid
440 3025 560 3109 tritius,
592 3024 670 3109 quid
691 3024 787 3091 vilius
809 3024 843 3091 in
865 3023 992 3092 iudiciis
1015 3024 1075 3091 fori
1096 3024 1193 3091 Attici
1217 3045 1312 3108 quam
1336 3025 1513 3112 δωροδοκεῖν
1542 3030 1574 3090 et

341 3157 475 3224 κλέπτειν
498 3158 597 3224 verba
619 3157 801 3224 conviciosa
823 3157 855 3223 in
882 3156 1027 3224 homines
1056 3158 1199 3224 coniecta
1228 3158 1417 3226 auctoritate
1444 3156 1575 3242 publiea

341 3291 539 3378 conspicuos,
572 3291 761 3377 praesertim
784 3291 840 3375 qui
861 3291 975 3358 officiis
996 3291 1135 3378 publicis
1157 3291 1259 3358 iuncti
1289 3292 1375 3358 sinti
1401 3296 1436 3357 ut
1465 3297 1572 3358 tamen

340 3424 497 3492 eiusmodi
519 3424 679 3491 mentione
701 3424 858 3491 latissime
879 3424 1001 3510 patenti
1024 3424 1102 3492 mire
1124 3425 1282 3492 abusurus
1305 3425 1348 3491 sit
1367 3425 1397 3492 si
1412 3425 1483 3508 quis
1498 3425 1574 3492 inde

340 3557 448 3626 statim
470 3563 589 3624 certam
611 3557 769 3624 actionem
790 3557 867 3623 furti
890 3559 1020 3644 (κλοπῆς)
1047 3565 1103 3624 aut
1117 3578 1283 3625 munerum
1297 3559 1441 3643 improbe
1456 3579 1572 3645 accep-

339 3698 441 3758 torum
462 3686 586 3778 (δώρων)
613 3689 720 3756 animo
742 3691 952 3776 praeceperit.
992 3692 1115 3774 Itaque,
1141 3697 1176 3757 ut
1196 3711 1294 3758 unum
1316 3709 1568 3776 commemorem,

338 3823 490 3908 Ergooles
524 3829 668 3909 praetor,
704 3821 898 3910 Thrasybuli
932 3823 1052 3906 socius,
1097 3825 1303 3919 tumultuario
1334 3824 1452 3892 iudicio
1485 3825 1573 3912 apud

386 3999 390 4006 ’
411 4016 432 4079 ι)
454 4011 640 4082 Harpocratio
655 4011 727 4076 (inde
740 4012 807 4066 Lex.
822 4010 886 4082 Sag.
907 4029 934 4082 p.
947 4015 997 4066 426
1010 4011 1054 4078 Β.,
1068 4011 1178 4079 suidas,
1194 4012 1323 4075 Zonaras)
1339 4013 1492 4086 ἀπογραρή’
1511 4015 1571 4070 ὅταν

339 4122 376 4162 τις
391 4102 452 4178 λέγῃ
471 4103 527 4156 τινὰ
544 4101 612 4176 ἔχειν
628 4121 651 4155 τι
668 4110 718 4155 τῶν
735 4108 783 4173 τῆς
801 4102 899 4162 πόλεως
916 4101 972 4156 κτλ.
1005 4103 1071 4158 Lex.
1086 4104 1156 4159 rhet.
1170 4119 1197 4172 p.
1216 4105 1263 4156 198
1275 4105 1307 4158 Β.
1323 4104 1459 4177 ἀπογραφὴ
1478 4105 1571 4177 γίνεται

337 4201 383 4264 τῆς
402 4193 495 4256 οὐσίας,
522 4193 581 4246 ὅταν
599 4211 636 4251 τις
655 4192 775 4263 δημόσιόν
793 4211 817 4246 τι
835 4192 899 4247 εἶναι
910 4193 979 4266 παρά
995 4212 1042 4246 τινι
1060 4194 1145 4266 φάσκῃ
1158 4212 1183 4247 κ.
1197 4214 1220 4247 τ.
1235 4195 1260 4250 λ.
1282 4194 1318 4250 cf.
1333 4196 1357 4250 ol
1369 4196 1400 4248 τὰ
1410 4201 1458 4268 τῆς
1470 4195 1570 4256 πόλεως

338 4285 440 4358 ἔχοντες
460 4285 527 4355 Lys.
547 4283 589 4350 29,
605 4284 630 4335 8.
647 4282 686 4334 lo.
707 4283 785 4338 Deru.
801 4285 842 4349 24,
859 4284 916 4338 tol.
936 4283 1039 4340 Asscb.
1055 4286 1080 4350 3,
1095 4287 1124 4338 21
1140 4299 1182 4354 sq.

407 4375 431 4439 2)
451 4374 533 4428 Blass
545 4377 604 4428 Ab.
618 4372 729 4429 Bereds.
749 4389 776 4444 p.
791 4375 850 4427 toa.
922 4369 924 4372 ’
