3574 5282
883 388 1037 484 Aa„

347 642 503 728 praeditis
531 643 583 727 (cl.
601 646 653 725 25,
681 648 730 708 ll.
763 646 814 724 27,
834 646 864 706 7.
890 645 943 726 30,
967 646 1017 726 31)
1053 649 1087 708 el
1118 643 1153 708 in
1185 641 1368 728 Poliochum
1401 641 1575 708 delatorem

348 777 511 861 publicum
543 776 690 861 apprime
724 775 883 842 convenit.
922 775 974 842 Ad
1006 776 1092 843 idem
1125 781 1234 842 autem
1268 795 1371 858 genus
1399 775 1577 843 delatorum

347 909 506 976 fiscalium
526 908 654 994 publice
674 909 854 976 insumam
876 916 1023 996 spectant
1042 909 1123 975 haec
1151 911 1177 994 (θ
1192 911 1242 992 20)
1262 907 1313 973 καί
1328 908 1428 994 εἰμὲν
1450 911 1574 996 ἑωρᾶτε,

348 1035 494 1130 ὦόνδρες
509 1042 658 1125 δικασταί,
683 1039 840 1130 σιρίόμενοι
854 1049 891 1132 τῇ
907 1041 994 1110 πόλει
1007 1041 1053 1109 τὰ
1068 1039 1139 1108 irad
1160 1038 1304 1109 τοότων
1321 1037 1576 1128 δημευόμενα,

349 1173 526 1263 συγγνώμην
557 1158 593 1242 liv
619 1174 763 1264 εἴχομεν·
803 1183 854 1242 νῒιν
886 1174 914 1242 δ’
951 1178 1131 1255 ἐπίστασθε,
1164 1170 1210 1242 ότι
1240 1173 1278 1242 τὰ
1306 1174 1359 1260 μὲν
1388 1171 1485 1241 αι’ντῶν
1507 1171 1578 1241 ὑπὸ

348 1309 492 1378 τοότων
515 1307 766 1399 ἀφανίζεται,
791 1309 883 1377 τὰδὲ
903 1316 1016 1377 πολλοῦ
1038 1304 1106 1383 ἄξια
1127 1307 1230 1396 ὀλίγου
1250 1304 1461 1396 πιπράσκεται·
1487 1303 1523 1373 ἂν
1545 1305 1577 1372 δ’

349 1441 416 1528 ἐμοί
436 1445 479 1526 (δέ
494 1470 545 1529 μοι
559 1445 642 1528 eod.)
661 1446 818 1531 πείθησθε,
844 1440 1088 1512 ebusitanis
1115 1441 1213 1510 niodo
1236 1439 1318 1529 θμεῖς
1340 1439 1580 1531 ὠφεληθήσεσθε

348 1571 369 1662 ἢ
392 1573 478 1663 ἡμεῖς
499 1581 529 1644 οί
550 1580 736 1665 κεκτημένοι.
775 1578 837 1644 Ubi
859 1577 940 1644 illud
969 1576 1146 1667 ἀφανίζεται
1176 1579 1245 1644 sine
1271 1578 1369 1645 dubio
1397 1577 1437 1643 de
1466 1574 1581 1642 fraude

349 1710 545 1795 inquisitoris
567 1712 788 1796 accipiendum
809 1717 868 1778 est.
908 1711 1012 1776 Simili
1039 1710 1192 1777 modain
1220 1730 1319 1775 causa
1348 1711 1509 1776 simillima
1538 1709 1581 1776 de

352 1865 418 1927 qua
446 1865 544 1931 supra
570 1845 707 1913 disserui
734 1853 822 1910 actor
850 1845 1002 1911 orationis
1024 1845 1104 1909 XXI
1125 1850 1366 1928 argumentatur
1400 1844 1427 1928 (ᾗ
1450 1847 1488 1909 13
1512 1845 1575 1928 sq.)

352 1973 440 2064 ὀρᾶτε
463 1974 533 2065 γάρ,
564 1971 589 2041 ri
605 1971 635 2045 d.
654 1981 696 2061 δ.,
721 1975 758 2044 τὰ
779 1974 939 2066 προσιόντα
953 1984 988 2065 τῇ
1004 1975 1090 2043 πόλει
1106 1973 1146 2049 ὡς
1161 1973 1248 2062 όλίηα
1263 1975 1334 2057 ἐστί,
1360 1975 1517 2042 καὶταῦτα
1532 1974 1581 2049 ὡς

352 2108 420 2176 ὑπὸ
436 2117 509 2177 τῶν
524 2109 793 2200 ἐφεστηκότων
810 2109 1037 2200 ἁρπάζεται.
1052 2111 1183 2196 -οἷμαι
1198 2108 1231 2174 δὲ
1242 2104 1353 2181 πάντας
1366 2107 1442 2195 ὑμᾶς
1454 2110 1581 2174 ἐπίστα-

355 2246 438 2326 σθαι,
463 2239 510 2311 ότι
531 2252 590 2311 τῶν
612 2248 693 2332 ἐμῶν
715 2245 776 2332 ἐγώ
798 2245 874 2311 πολὺ
889 2247 1011 2334 βελτίων
1028 2243 1094 2331 θμῖν
1111 2245 1218 2329 ἔσομαι
1233 2243 1340 2329 ταμίας
1361 2250 1431 2309 τῶν
1453 2241 1497 2310 τὰ
1517 2250 1583 2329 τῆς

351 2378 498 2453 πόλεως
531 2375 618 2464 iupis
651 2373 936 2466 ταμιευόντων·
974 2379 1027 2446 ἐὰν
1061 2375 1089 2442 δ’
1122 2377 1176 2463 ἐμὲ
1210 2379 1253 2457 (δέ
1283 2403 1319 2463 με
1349 2379 1431 2463 cod.)
1468 2381 1583 2465 πένητα

352 2508 506 2599 ποιήσητε,
531 2510 581 2577 καί
600 2509 676 2598 ὑμᾶς
699 2511 805 2586 αὐτοὺς
828 2509 1003 2599 ἀδικήσετε·
1028 2514 1150 2600 ἕτεροι
1172 2512 1211 2577 δὲ
1232 2510 1295 2578 καί
1316 2520 1433 2586 ταῦτα
1456 2517 1582 2579 διανε-

353 2650 510 2729 μοῦνται
540 2641 665 2733 ὥσπερ
693 2645 756 2713 καί
782 2641 913 2713 τᾶλλα.
952 2647 1089 2713 Omnino
1117 2646 1181 2712 ista
1207 2647 1386 2715 criminatio
1414 2649 1580 2737 peculatus

352 2799 448 2861 quam
469 2783 652 2863 frequenter
673 2801 734 2846 usu
755 2782 878 2849 venerit
900 2782 940 2846 de
952 2759 1195 2865 'magistratibus
1211 2781 1327 2862 quibus
1341 2783 1451 2864 aliqua
1465 2782 1583 2847 aerarii
1611 2809 1614 2813 ·

352 2931 429 2976 cura
462 2913 647 2996 mandatur,
683 2914 802 2999 Lysiae
832 2916 992 2982 orationes
1026 2913 1147 2998 passim
1181 2921 1352 2980 testantur:
1392 2935 1434 2980 cx
1466 2914 1583 2996 quibus

352 3047 489 3130 septima
510 3053 543 3113 et
564 3048 720 3132 vigesima
742 3054 852 3114 contra
873 3047 1056 3132 Epicratem
1078 3046 1189 3112 habita
1211 3047 1279 3113 lere
1300 3054 1368 3113 tota
1382 3055 1433 3114 est
1446 3049 1480 3113 in
1495 3049 1580 3114 cius-

353 3180 439 3246 modi
460 3181 644 3247 criminibus
669 3181 885 3266 exagitandis.

437 3312 648 3398 Exploratum
670 3324 720 3382 est
740 3317 847 3399 igitur,
880 3316 1001 3400 opinor,
1033 3335 1166 3385 causam
1188 3315 1221 3380 in
1244 3334 1309 3398 qua
1337 3334 1501 3380 versamur
1527 3314 1581 3400 agi

354 3447 507 3514 debonis
529 3448 678 3514 Euoratis
701 3448 964 3534 perPoliocbum
992 3449 1139 3534 συλλογέα
1167 3449 1292 3514 aerario
1320 3447 1502 3514 vindicatis.
1541 3447 1586 3511 Ut

354 3581 488 3648 orationi
510 3601 615 3664 neque
637 3583 748 3649 titulus
770 3583 883 3648 inscite
906 3581 998 3648 fictus
1020 3579 1086 3668 περὶ
1115 3587 1167 3665 τῆς
1197 3577 1369 3667 δημεύσεως
1396 3588 1448 3647 τοῦ
1477 3579 1586 3645 Νικίου

354 3712 486 3803 ἀδελφοῦ
508 3716 644 3802 ἐπίλογος
666 3737 769 3800 neque
791 3735 853 3799 quo
869 3716 1012 3782 Galenus
1036 3716 1132 3784 utitur
1153 3715 1260 3780 XVIII
1276 3719 1295 3779 2
1311 3736 1343 3799 p.
1363 3719 1423 3781 657
1441 3717 1482 3779 Κ.
1508 3711 1588 3779 κατὰ

358 3846 528 3936 Πολιούχου
555 3848 702 3932 (debebat
724 3850 838 3916 saltem
860 3847 952 3936 πρὸς
977 3850 1134 3937 Πολίοχον)
1160 3857 1246 3916 τουτο
1268 3849 1451 3916 conveniat:
1478 3848 1587 3934 aptius
1607 3884 1610 3889 ·

358 3983 484 4065 quidem
508 3983 551 4049 ad
579 3984 762 4068 exemplum
792 3985 860 4049 eius
889 4004 972 4066 quae
1003 3986 1146 4067 sequitur
1173 3983 1213 4049 de
1241 3984 1333 4049 bonis
1361 3979 1587 4064 Aristophanis

355 4116 556 4202 inscripseris
578 4115 724 4204 περὶτῶν
748 4113 918 4204 Εὐκράτους
941 4114 1105 4205 χρημάτων
1127 4114 1200 4204 πρὸς
1220 4113 1254 4180 τό
1277 4112 1429 4201 δημόσιον.
