3574 5282
794 403 832 464 19

179 658 343 736 reddunt,
374 666 441 726 tum
463 657 651 726 confirmant
677 660 777 725 verba
798 659 878 724 haee
905 658 932 741 (5
954 662 1020 742 ¹¹l³
1053 665 1104 724 νῦν
1127 655 1155 722 δ’
1181 651 1275 731 οὕτως
1298 653 1317 744 i,
1340 653 1425 732 πόλις

179 788 347 869 διάκειται,
374 787 450 856 ὥστε
472 787 570 856 οὐκέτι
593 787 634 856 ὧν
658 785 740 858 οὗτοι
760 791 934 858 κλέπτουσιν
950 787 1118 878 ὀργίζεσθε,
1143 788 1220 858 ἀλλ’
1245 785 1293 856 ὧν
1317 788 1428 888 αιίπολΙ

179 922 408 1012 λαμβάνετε
436 923 553 1014 χάριν
582 924 691 1012 ἰὀτε,ι
718 920 843 1012 ὥσπερ
867 921 973 1011 ὑμαῖς
994 919 1204 994 τὰποιίτοιν
1222 927 1424 1012 ,μισθοφο-

180 1063 359 1142 ponam,
394 1057 456 1126 ἀλλ’
484 1057 519 1126 οὐ
540 1054 656 1124 τούτων,
673 1055 712 1122 τὰ
733 1053 861 1144 ὑμέτερα
883 1054 1085 1124 κλεπτόντων·
1125 1058 1260 1129 conlatis
1282 1058 1352 1127 illis.
1371 1059 1422 1143 §l

178 1189 384 1276 ἐνθυμεῖσθαι
417 1193 450 1258 δὲ
483 1189 542 1280 χρὴ
573 1186 619 1257 ὅτι
650 1187 794 1264 πολλάκις
821 1187 974 1278 ἠκούσατε
997 1187 1109 1258 τούτοιν
1138 1187 1304 1277 λεγόντοιν,
1336 1187 1424 1260 ὁπότε

178 1320 340 1408 βούλοιντό
369 1352 435 1392 τινα
458 1324 568 1399 ἀδίκως
590 1323 750 1406 ἀπολέσαι,
782 1320 842 1406 ὅτι,
876 1323 967 1410 εἰμὴ
995 1327 1250 1413 καταψηφιεῖσθε
1266 1319 1316 1396 ὧν,
1339 1322 1423 1398 αὐτοὶ

179 1456 370 1536 κελεύουσιν,
396 1460 595 1547 ἐπιλείψει
618 1455 714 1544 ὑμᾶς
736 1454 755 1544 ἡ
778 1447 1015 1546 μισθοφορά.

702 1653 906 1660 --———--—

272 1786 378 1865 Quam
414 1790 480 1883 late
514 1787 643 1870 quidem
676 1793 787 1872 pateat
819 1787 852 1852 in
887 1787 1005 1872 Lysiae
1038 1787 1234 1854 orationibus
1268 1788 1422 1854 memoria

178 1921 461 2006 proscriptionum,
488 1919 621 2006 pessimi
644 1920 785 2004 exempli
807 1920 957 1986 licentiae
981 1927 1013 1986 et
1033 1919 1220 1986 iracundiae
1242 1921 1418 2006 popularis,

179 2052 249 2118 iam
283 2075 408 2120 summa
440 2053 527 2121 facto
560 2053 656 2119 totius
689 2053 916 2137 disputationis
944 2058 1074 2119 nostrae
1105 2054 1201 2119 facile
1230 2054 1418 2140 perspicies.

180 2187 298 2269 Neque
329 2189 414 2254 enim
449 2186 540 2254 casui
566 2184 786 2268 tribuendum,
824 2171 909 2268 quod
942 2205 982 2251 ex
1010 2185 1143 2268 triginta
1172 2187 1246 2271 plus
1276 2187 1422 2253 minusve

181 2321 380 2387 orationihus
403 2342 486 2403 quae
510 2327 635 2405 tempus
658 2320 801 2386 tulerunt
822 2325 915 2385 sexte
937 2337 1013 2403 pars
1035 2319 1069 2383 in
1092 2319 1199 2384 causis
1222 2322 1339 2387 aerarii
1356 2321 1422 2387 ha-

180 2455 250 2521 hita
272 2463 332 2536 est,
359 2437 428 2521 sive
450 2453 493 2520 ad
514 2453 749 2540 propulsandas
771 2452 925 2518 honorum
947 2451 1183 2536 publicationes
1211 2454 1273 2537 (21.
1295 2456 1345 2518 18.
1366 2457 1417 2519 19.

181 2590 258 2655 item
283 2591 333 2672 17)
349 2593 368 2674 ¹)
395 2589 463 2655 sive
486 2588 530 2654 ad
551 2609 641 2654 reum
663 2586 924 2673 proscribendum
953 2587 1028 2670 (29),
1065 2595 1235 2672 praeterea
1265 2607 1329 2653 una
1357 2587 1421 2672 ipsi

184 2722 382 2805 quaesitores
397 2723 549 2788 honorum
566 2721 830 2807 publicandorum
842 2720 1127 2804 praevaricationis
1138 2721 1324 2787 incusantur
1340 2724 1417 2804 (27).

186 2855 236 2920 Ex
267 2855 441 2940 deperditis
473 2875 597 2938 quoque
631 2861 706 2919 sunt
738 2873 875 2936 quarum
909 2852 1014 2919 simile
1048 2860 1271 2938 argumentum
1302 2853 1415 2920 fuerit:

187 2989 341 3054 orationes
364 2989 398 3053 in
420 2987 612 3054 Aeschinem
635 2988 675 3053 de
705 2987 797 3053 honis
819 2985 1062 3070 Aristophanis,
1096 2987 1251 3053 adversus
1273 2987 1419 3053 Alcibia-

183 3122 269 3206 dem,
306 3123 382 3188 item
416 3121 571 3187 adversus
598 3119 818 3206 Asopodcrum
852 3119 892 3186 de
926 3120 1019 3185 domo
1053 3120 1266 3204 publicanda,
1303 3121 1418 3204 quibus

181 3254 329 3320 addenda
351 3255 512 3321 accusatio
533 3255 737 3339 Apollodori3
771 3253 909 3334 denique
932 3260 1017 3318 certo
1040 3253 1133 3319 modo
1156 3254 1218 3320 huc
1240 3253 1364 3319 faciunt
1386 3261 1419 3320 et

180 3406 263 3468 quae
285 3388 439 3454 adversus
461 3387 614 3453 Euthiam
636 3409 694 3474 pro
716 3389 808 3455 honis
831 3387 1017 3472 proscriptis
1039 3387 1178 3454 venditis
1207 3384 1288 3475 (ὑπὲρ
1311 3391 1418 3474 δημιο-

178 3518 307 3608 πμάπωι]
336 3529 369 3588 et
390 3542 474 3604 quae
500 3542 558 3606 pro
585 3522 714 3590 filiabus
737 3523 910 3608 Phrynichi
941 3531 973 3590 ct
996 3522 1178 3590 Onomaclis
1207 3522 1346 3606 scriptae
1375 3522 1417 3587 ab

178 3655 236 3719 illo
259 3655 449 3740 ferentum).
489 3655 626 3723 Omnino
653 3657 759 3723 tristia
787 3657 845 3723 illa
874 3657 1013 3741 uestigia
1034 3677 1140 3722 rerum
1163 3655 1302 3720 omnium
1328 3654 1438 3720 radi--

252 3864 273 3924 ll
301 3861 382 3917 Nona
400 3863 491 3918 oratio
508 3878 580 3933 quoe
598 3870 642 3918 cst
658 3880 710 3934 pro
727 3863 870 3936 Polyaeno
887 3863 975 3918 milite
1000 3861 1125 3917 defensio
1150 3861 1300 3934 ἀπογραφῆς
1324 3877 1375 3916 nee
1399 3878 1417 3916 ο

182 3968 301 4022 quonam
321 3952 358 4007 sit
376 3970 427 4010 nec
445 3971 500 4024 quo
517 3960 641 4024 tempore
659 3955 763 4024 scripta
777 3983 807 3994 -
821 3970 884 4009 nam
896 3970 913 4008 ο
926 3954 1013 4025 Lysia
1025 3958 1100 4008 recte
1111 3953 1288 4008 abiudicatur
1298 3983 1333 3991 -
1345 3953 1415 4007 satis

180 4048 299 4097 constat.
678 4058 680 4063 ·

249 4137 273 4201 t)
294 4133 328 4188 In
349 4133 465 4204 Sauppii
486 4132 702 4204 fragmentorum
724 4135 888 4191 collectione
909 4151 950 4190 or.
965 4134 1002 4189 Il.
1021 4134 1057 4190 V.
1076 4133 1182 4188 XXIII.
1203 4133 1267 4188 Xll.
1284 4133 1411 4189 XLVIII.

181 4222 253 4280 dlv.
269 4224 381 4281 CXXV.
409 4224 446 4279 cf.
460 4225 643 4293 Harpocratio
655 4241 682 4279 v.
703 4227 903 4297 παρακαταβολὴ
915 4226 960 4280 καλ
979 4224 1224 4298 παρακαταβάλλειν.
1246 4225 1270 4278 οἱ
1281 4225 1414 4296 ἀμφισβη-

178 4322 279 4376 τοῦντες
304 4317 445 4388 χρημάτων
468 4325 553 4368 πινιῑιν1
570 4315 765 4387 δεδημευμένων
789 4318 852 4388 πρὸς
875 4317 923 4389 τὴν
949 4316 1036 4382 πόλιν,
1065 4317 1109 4370 καλ
1135 4317 1159 4370 ol
1185 4316 1242 4387 περὶ
1268 4314 1372 4388 κλήρων
1395 4313 1413 4386 ἢ

179 4406 447 4479 ἐπικλήρων-περὶ
462 4407 519 4476 μὲν
536 4405 664 4460 οὖνπῶν
677 4407 847 4484 δημοσίων
860 4407 1229 4482 πολλαχοῦεῖρητπιπῷ
1244 4405 1411 4478 Accipitri.
