3574 5282
773 1695 844 1778 §a

286 1869 337 1970 In
360 1906 541 1991 fragmento
562 1904 794 1989 pretiosissimo
817 1904 970 1969 orationis
985 1905 1025 1969 dc
1041 1904 1132 1970 bonis
1147 1903 1296 1969 Eucratis
1311 1903 1425 1968 Niciae

194 2043 302 2109 fratris
325 2065 345 2108 a
367 2042 468 2128 Lysia
490 2041 691 2126 conscriptae
713 2041 798 2106 tilius
820 2041 967 2106 Eueratis
997 2041 1223 2126 patrimonium
1253 2041 1368 2106 iterum
1390 2041 1425 2104 in

195 2176 364 2243 discrimen
388 2184 537 2244 vocatum
559 2195 599 2240 ne
621 2175 838 2258 proscribatur
859 2174 927 2257 agit
948 2175 1055 2240 verbis
1076 2175 1165 2240 hisce
1192 2175 1218 2258 (§
1237 2177 1274 2237 13
1290 2175 1350 2256 sq.)
1367 2198 1372 2236 :

322 2321 355 2392 εὖ
379 2325 400 2390 δ’
428 2324 500 2402 οἶδ’,
527 2319 552 2390 ὦ
576 2318 680 2412 ἄνδρες
703 2324 855 2406 δικασταί,
889 2319 935 2390 δτι
962 2322 1027 2412 περὶ
1050 2323 1188 2389 πλείστου
1210 2319 1247 2388 διν
1268 2320 1426 2410 ποιήσαιτο

238 2460 385 2548 Πολίοχος
413 2460 575 2548 (Πολίαχος
597 2459 680 2542 eod.)
707 2463 809 2524 τοῦτον
830 2456 879 2524 τὸν
902 2455 1006 2544 ἀγῶνα
1028 2459 1231 2545 κατορθῶσαι,
1263 2454 1426 2544 ἡγούμενος

238 2589 317 2680 αὑτῷ
338 2591 433 2680 καλὴν
450 2593 528 2659 εἶναι
546 2590 599 2680 τὴν
620 2593 756 2664 ἐπίδειξιν
778 2588 933 2676 (ἀπόδειξιν
950 2592 1032 2676 eod.)
1052 2591 1103 2656 καὶ
1121 2589 1193 2680 πρὸς
1215 2589 1282 2664 τούς
1304 2591 1425 2663 πολίτας

236 2713 368 2800 καὶτοὺς
385 2729 494 2806 ξένους,
511 2721 556 2791 δτι
567 2723 709 2812 Ἀθήνησι
724 2731 861 2795 τοσοῦτον
879 2721 1012 2799 δύναται,
1039 2719 1110 2790 ὥσθ’
1131 2721 1205 2811 ὑμᾶς
1220 2723 1287 2798 τοὺς
1304 2720 1420 2800 αὐτούς,

235 2856 301 2946 περὶ
323 2853 364 2923 ὧν
386 2854 491 2946 δρκοος
513 2857 701 2945 ὀμωμόκατε,
728 2854 794 2943 ὑμῖν
818 2855 917 2931 αὐτοῖς
932 2857 969 2924 τὰ
984 2859 1103 2924 ἐναντία
1118 2861 1212 2924 ποιεῖν
1229 2859 1422 2966 φηφίίεσδαι.

235 2987 340 3065 πάντες
369 2991 425 3081 γὰρ
454 2991 598 3068 εἴσονται,
630 2985 676 3057 δτι
704 2988 769 3057 τότε
801 2991 852 3077 μὲν
882 2993 994 3079 χιλίαις
1025 2995 1173 3081 δραχμαῖς
1203 2993 1353 3078 ἐζημίωσε
1375 2989 1433 3056 τὸν·

184 3189 190 3198 ,
235 3122 413 3212 βουλόμενον
441 3123 494 3213 τὴν
522 3124 669 3213 ἡμετέραν
698 3132 753 3212 χὴν
782 3127 927 3212 δημοσίαν
956 3132 1096 3212 ποιῆσαι,
1137 3124 1198 3191 νυνὶ
1233 3125 1266 3190 δὲ
1294 3125 1424 3190 κελεύων

235 3261 380 3346 δημεῦσαι
403 3259 547 3345 νενίκηκε,
574 3257 713 3347 καὶπερὶ
735 3255 845 3325 τούτων
869 3257 906 3346 δὴ
928 3257 1104 3348 ἀμφοτέρων
1117 3257 1271 3345 Ἀθηναῖοι
1285 3254 1423 3346 παρανό-

237 3417 297 3475 μοιν
326 3389 482 3480 φεύγοντος
519 3389 686 3480 (φεύγοντες
708 3393 792 3476 eod.)
824 3399 876 3457 τοῦ
904 3390 994 3458 αὐτοῦ
1025 3391 1131 3481 ἀνδρὸς
1160 3391 1301 3458 τάναντία
1327 3393 1425 3480 σφίσιν

238 3520 335 3596 αὐτοῖς
357 3527 562 3612 ἐψηφίσαντο.4

279 3673 397 3738 Locum
411 3674 569 3758 integrum
584 3677 752 3762 adscripsi,
775 3698 793 3743 e
808 3698 871 3760 quo
886 3679 951 3743 iam
967 3678 1035 3742 solo
1050 3682 1273 3760 argumentum
1289 3675 1425 3741 actionis

191 3810 301 3888 petere
316 3805 423 3871 liceat.
464 3809 495 3874 Is
511 3816 618 3876 autem
633 3812 721 3877 locus
743 3831 815 3878 cum
837 3831 901 3876 non
925 3817 990 3876 tam
1013 3811 1154 3895 explicat
1176 3830 1306 3874 causam
1329 3829 1424 3891 quam

191 3937 361 4024 significat,
387 3947 454 4005 tum
469 3940 539 4024 ipse
555 3943 662 4027 potius
678 3945 922 4029 explicationem
945 3949 1042 4024 atque
1065 3943 1146 4008 adeo
1169 3943 1424 4009 emendationem

191 4071 334 4153 requirit.
384 4073 453 4139 Nec
486 4075 601 4140 mirum
637 4077 775 4143 viromm
813 4078 977 4143 doctorum
1010 4083 1189 4142 commenta
1218 4084 1269 4142 sat
1297 4077 1424 4142 diversa

190 4202 355 4286 hucusque
384 4226 500 4289 parum
530 4209 706 4292 profecisse
737 4210 780 4274 ad
809 4211 961 4276 iudicium
992 4231 1032 4276 ea
1064 4210 1104 4276 dc
1127 4232 1161 4276 re
1185 4211 1302 4276 certius
1325 4211 1426 4276 stabi-

190 4335 341 4416 liendum.
362 4323 378 4366 ⁶

1205 4466 1216 4514 1
