3574 5282
948 410 991 474 IV

348 695 422 742 non
455 671 572 743 verbis
605 673 731 754 modo,
768 672 831 742 sed
865 695 904 742 re
939 669 1129 742 declarasti
1140 673 1155 741 :'
1194 672 1319 766 itaque
1354 695 1464 766 quam
1500 671 1584 743 Tibi

347 791 522 886 peperisti
563 815 735 862 coronam
769 790 918 862 honoris
957 791 1180 886 virtutisque
1220 817 1320 887 ergo,
1360 816 1404 864 ea
1443 801 1586 865 nosmet

304 925 305 928 ’
347 913 418 1005 ipsi
446 935 591 1005 quoque
619 909 783 1006 collegae
810 911 883 981 Tui
911 913 1069 1004 quodam
1102 916 1211 985 modo
1239 912 1359 984 ornari
1392 921 1429 985 et
1457 913 1584 1006 augeri

347 1031 525 1103 videmur.
582 1031 666 1104 Hoc
706 1031 853 1124 quidem
894 1031 1051 1103 nominis
1092 1033 1165 1104 'rui
1204 1030 1397 1129 splendore
1436 1042 1478 1104 ut
1518 1033 1583 1104 diu

345 1151 459 1225 etiam
486 1152 525 1223 in
559 1160 744 1244 posterum
770 1151 957 1224 academia
984 1154 1108 1224 nostra
1133 1152 1387 1238 collustretur,
1413 1153 1474 1246 pia
1507 1176 1582 1245 qua

345 1272 449 1344 decet
467 1280 591 1343 mente
609 1281 840 1366 exoptamus,
867 1272 1015 1366 iamque
1039 1274 1214 1348 redeunte
1240 1275 1310 1347 hoc
1336 1273 1394 1345 die
1412 1271 1580 1345 sollemni

347 1401 431 1463 vota
457 1389 546 1463 olim
565 1415 632 1486 pro
659 1391 778 1465 salute
796 1393 878 1463 Tua
903 1401 1119 1487 nuncupata
1136 1394 1226 1468 laeti
1252 1393 1423 1467 lubentes
1443 1393 1582 1466 instau-

346 1505 490 1590 ramus„
526 1511 644 1616 Simul
664 1536 749 1585 vero
776 1513 815 1585 in
834 1497 1045 1586 memoriam
1063 1515 1174 1586 huius
1195 1493 1452 1587 sollemnitatis
1472 1503 1582 1585 docu-

346 1641 514 1706 mentum
541 1631 694 1727 aliquod
727 1617 910 1728 scriptum
932 1636 1017 1705 ordo
1044 1613 1350 1732 philosophorum
1376 1634 1461 1706 'libi
1494 1615 1581 1706 offe-

345 1755 499 1825 rendum
518 1753 709 1826 coustituit
728 1778 801 1848 quo
827 1753 964 1840 oblato,
993 1764 1129 1849 quanto
1148 1755 1201 1828 Te
1230 1756 1350 1827 studio
1369 1764 1580 1848 quantaque

343 1875 482 1968 pietate
508 1872 656 1959 coleret,
688 1873 835 1968 publice
870 1875 1137 1948 testificaretur.
1192 1875 1302 1955 Quod
1328 1898 1463 1946 munus
1494 1898 1578 1945 cum

343 1980 497 2067 mihiut
524 2017 590 2064 suo
608 1995 757 2066 nominc
777 2018 983 2090 exequerer
1005 1996 1092 2066 ordo
1118 1997 1341 2082 mandasset,
1367 1992 1486 2068 facere
1500 1983 1578 2067 non

342 2114 461 2209 potui,
482 2116 572 2212 quin
600 2103 858 2210 argumentum
876 2117 1083 2210 scriptionis
1100 2141 1148 2189 cx
1168 2141 1212 2189 ea
1229 2117 1463 2210 antiquarum
1480 2115 1580 2187 litte-

342 2260 464 2310 rarum
492 2233 687 2330 disciplina
718 2245 893 2330 peterem,
931 2261 1042 2330 quam
1076 2219 1195 2308 'suam
1228 2239 1315 2310 Tibi
1349 2237 1578 2334 provinciam

341 2365 486 2450 praeter
527 2363 663 2428 ceteras
705 2356 908 2428 vindicasti.
957 2355 1052 2427 Nam
1088 2382 1110 2428 a
1143 2357 1272 2430 studiis
1314 2358 1579 2454 antiquitatum

341 2476 429 2548 iuris
458 2475 683 2548 Graecarum
710 2476 855 2548 iuvenis
882 2499 1032 2548 exorsus
1059 2479 1187 2550 eodem
1220 2479 1422 2552 identidem
1458 2502 1579 2552 rever-

341 2597 430 2680 tisti,
458 2597 586 2668 ceteris
600 2597 701 2668 viam
719 2597 895 2690 aperuisti
917 2595 1109 2692 facemque
1131 2599 1354 2694 praetulisti;
1384 2608 1577 2693 postremo,

341 2718 440 2811 quod
467 2740 667 2810 paucorum
693 2715 904 2787 mortalium
931 2728 997 2803 est,
1034 2717 1145 2790 huius
1173 2717 1389 2816 disciplinae
1416 2699 1513 2790 idem
1541 2727 1578 2791 et

340 2837 583 2912 fundamenta
605 2837 724 2909 iecisti
742 2845 779 2909 et
796 2839 917 2932 ipsum
936 2861 1028 2933 opus
1047 2850 1340 2912 consummatum
1358 2837 1575 2911 extruxisti:

295 3027 297 3034 .
340 2953 383 3030 ut
410 2957 474 3053 qui
498 2982 598 3030 nunc
623 2957 704 3028 Tua
730 2957 887 3051 vestigia
912 2961 1041 3060 secuti·
1055 2960 1100 3030 ad
1127 2943 1254 3033 eadem
1273 2984 1349 3033 sese
1369 2959 1576 3054 accingunt,

339 3080 392 3152 eis
409 3103 528 3173 pauca
546 3088 583 3151 ct
596 3065 675 3150 ¹fere
693 3076 838 3150 minuta
856 3077 1037 3151 corollarii
1056 3080 1171 3154 instar
1190 3081 1356 3154 addenda
1372 3079 1572 3173 reliqueris.

338 3200 469 3294 Neque
495 3211 619 3271 tamen
646 3198 677 3270 is
696 3223 733 3272 es
753 3199 830 3292 qui,
858 3223 942 3270 cum
960 3201 1152 3274 materiam
1170 3203 1379 3275 universam
1397 3195 1574 3291 singulari

339 3321 494 3393 scientia
527 3319 746 3393 exhaustam
780 3317 1051 3414 complectaris,
1095 3321 1154 3394 vel
1186 3321 1372 3395 levissima
1406 3340 1573 3413 quaeque

338 3441 545 3536 despicatui
564 3440 710 3512 habeas.
748 3441 840 3512 Inde
859 3439 1025 3512 animum
1042 3441 1187 3528 induxi,
1206 3451 1248 3513 ut
1266 3463 1360 3536 quae
1379 3441 1423 3512 de
1442 3460 1574 3530 quaes·
1625 3501 1626 3504 ,

338 3563 502 3636 tionibus
524 3558 707 3632 fiscalibus
732 3561 952 3654 quibusdam
977 3585 999 3630 a
1021 3560 1159 3655 populo
1178 3560 1465 3633 Atheniensium
1491 3564 1575 3650 post
1609 3583 1618 3606 ·
1645 3643 1650 3650 ¹

336 3682 572 3778 optimatium
599 3680 887 3753 dominationem
914 3689 1076 3752 eversam
1110 3681 1291 3754 institutis
1324 3676 1573 3774 exploravisse

337 3828 357 3876 e
383 3803 517 3898 Lysiae
544 3801 706 3874 maxime
733 3801 959 3874 orationibus
985 3802 1079 3874 mihi
1105 3802 1267 3887 videbar,
1294 3799 1364 3870 hac
1388 3796 1572 3870 scribendi

336 3922 610 4021 opportunitate
637 3945 724 3994 usus
751 3923 832 3992 Tuo
859 3920 1007 4010 iudicio,
1035 3922 1092 3995 vir
1117 3944 1257 3994 summe
1281 3916 1445 4005 colende,
1472 3918 1573 4028 subi-

337 4069 473 4119 cerem:
501 4067 576 4115 non
603 4065 676 4137 quo
702 4042 793 4114 haec
820 4038 879 4115 vel
905 4042 958 4113 Te
986 4042 1043 4114 vel
1069 4041 1139 4112 hoc
1165 4039 1257 4114 festo
1284 4041 1343 4113 die
1362 4041 1473 4134 digna
1491 4039 1572 4112 exi-

337 4167 491 4251 stimem,
511 4165 575 4236 sed
594 4163 682 4258 quia
701 4162 1046 4259 qualiacumque'ea
1064 4170 1152 4234 sunt
1168 4163 1239 4234 nisi
1258 4160 1342 4232 Tibi
1357 4163 1569 4257 probavero,

335 4286 431 4359 nihil
459 4285 609 4356 omnino
636 4282 831 4378 profecisse
859 4307 917 4373 me
944 4305 1009 4377 pro
1035 4291 1133 4354 certo
1159 4283 1290 4355 habeo.
