3574 5282
957 407 996 468 11

331 713 332 718 ,
359 659 597 744 inquisitoribus
633 661 771 747 publicis
804 659 944 727 deletam
977 661 1094 728 fuisse:
1133 658 1276 744 privatos
1307 658 1413 743 potius¹
1446 656 1590 724 homines

360 799 507 878 spectant
528 808 611 879 quae
632 793 870 862 accusatoribus
893 795 1124 880 exprobrantur
1145 793 1219 877 §20
1235 799 1283 877 s'q.

443 927 540 1010 Atqui
568 928 617 993 illi
645 928 849 1012 magistratui
870 928 983 994 eadem
1005 927 1103 1012 plane
1126 925 1292 1010 provincia
1313 926 1463 992 tribuitur
1493 947 1589 1010 quam

359 1061 522 1146 οολλογὲας
536 1060 690 1128 habuisse
711 1062 861 1130 vidimus.
897 1065 944 1128 Ac
966 1061 1036 1126 lieri
1057 1065 1172 1146 potest,
1197 1065 1233 1124 ut
1255 1055 1359 1125 eidem
1379 1059 1590 1143 intellegendi

358 1194 423 1260 sint
452 1198 599 1282 συλλογῆς
628 1201 723 1278 atque
753 1193 893 1280 <qr-qual:
929 1192 1167 1276 quodquidam
1197 1213 1312 1259 nomeu
1328 1206 1331 1212 ’
1345 1192 1442 1259 latius
1475 1198 1591 1276 pateus

359 1329 449 1394 varia
470 1347 591 1412 genera
613 1327 828 1411 quaesitorum
850 1329 892 1393 ad
913 1329 1043 1414 publica
1065 1329 1199 1395 crimina
1216 1329 1318 1395 omnis
1333 1325 1591 1412 generisperse·

359 1461 488 1544 quenda
503 1467 594 1527 extra
609 1439 750 1528 ordinem
766 1463 939 1528 electorum
954 1462 1173 1548 complectitur
1181 1465 1216 1546 ¹).
1249 1462 1366 1528 Verum
1381 1433 1491 1525 tamen
1503 1456 1591 1524 haud

359 1595 427 1661 scio
449 1611 495 1660 an·
514 1593 710 1680 probabilius
733 1593 813 1662 haec
833 1595 880 1661 ita
902 1595 1116 1679 concilientur,
1147 1603 1183 1662 ut
1202 1596 1349 1661 dicamus
1371 1599 1444 1677 post
1465 1593 1590 1658 instau-

359 1735 465 1794 ratum
487 1727 657 1815 imperium
678 1729 833 1814 populare
856 1727 992 1813 primum
1007 1731 1149 1812 -quod
1171 1730 1295 1796 solebat
1315 1725 1384 1792 fieri
1405 1725 1439 1790 in
1461 1725 1590 1790 turbata

358 1881 463 1928 rerum
485 1861 671 1929 condicione
695 1901 732 1910 —
756 1861 960 1947 inquisitores
982 1847 1108 1929 fiscales
1136 1858 1282 1949 (ζητητάς)
1316 1860 1359 1926 ad
1384 1858 1588 1942 quaestiones

357 1996 682 2082 pecuniaepublicae
707 1993 873 2062 habendas
902 1995 970 2061 sive
1000 1996 1099 2061 semel
1119 1994 1196 2062 sive
1223 1993 1399 2061 identidem
1427 1991 1589 2058 institutos

360 2149 442 2213 esse,
468 2136 541 2214 post
563 2130 683 2214 aliquot
704 2149 805 2196 annos
828 2128 954 2195 demum
978 2147 1086 2196 corum
1108 2128 1260 2194 inlocum
1276 2127 1403 2210 exlege
1418 2123 1591 2191 substituta

359 2263 494 2346 collegia
509 2263 712 2348 syndicorum
727 2269 760 2328 et
774 2263 943 2348 oolloqtuu
958 2262 1138 2346 quotannis,
1157 2260 1308 2345 quamdiu
1321 2277 1404 2344 opus
1415 2259 1585 2342 videretur,

360 2396 519 2481 eligenda.

936 2621 1007 2705 §t

444 2760 513 2826 lam
534 2758 732 2826 redeundum
754 2756 880 2824 videtur
901 2778 940 2823 eo
961 2757 1046 2824 unde
1068 2757 1199 2828 deflexit
1212 2753 1399 2840 disputatio.
1437 2755 1476 2819 In
1491 2773 1590 2820 causa

339 2894 699 2976 bonorumllucratis,
731 2910 815 2977 quae
843 2891 996 2975 proximis
1018 2891 1112 2959 annis
1140 2890 1362 2958 antebellum
1382 2886 1589 2954 xCorinthium

358 3033 432 3094 acta
453 3033 520 3108 cst,
553 3026 757 3094 difficultates
779 3045 860 3109 quas
883 3024 1082 3110 repperimus
1104 3043 1213 3092 omncs
1236 3021 1437 3106 confidenter
1456 3020 1590 3087 adfirmo

358 3159 405 3225 ita
421 3159 512 3244 solvi,
538 3159 822 3227 utPolioehum
838 3163 1114 3225 accusatorem
1130 3156 1436 3242 nonprivatum,
1455 3173 1589 3220 verum

359 3293 653 3379 magistratum,
684 3293 870 3380 οολλογέα
898 3292 1002 3374 dico,
1042 3311 1318 3376 agnoscamus.
1364 3291 1415 3356 Ita
1443 3291 1527 3359 enim
1557 3297 1589 3356 et

359 3409 509 3512 thplocs
530 3433 617 3494 recte
638 3426 736 3493 habet
757 3426 799 3492 de
820 3446 858 3494 eo
880 3425 935 3509 qui
956 3424 1087 3510 publica
1109 3423 1296 3492 auctoritate
1323 3424 1463 3492 munitus
1492 3433 1589 3510 atque

359 3579 464 3626 rerum
485 3560 676 3644 intellegens
699 3559 872 3644 patrocinio
895 3579 952 3626 suo
974 3565 1007 3626 et
1028 3558 1114 3644 apud
1136 3559 1287 3643 syndicus
1309 3568 1342 3628 ct
1363 3560 1450 3646 apud
1465 3559 1590 3628 iudices
1653 3587 1656 3592 ·

360 3693 520 3776 effecerat,
546 3693 636 3760 utin
658 3694 763 3779 priore
786 3693 910 3760 actione
932 3692 1057 3760 delator
1078 3712 1176 3758 causa
1197 3693 1341 3774 caderes
1368 3702 1400 3762 et
1421 3694 1516 3760 simul
1530 3713 1590 3759 ex-

435 3885 455 3947 i)
477 3881 660 3952 Harpocratio
676 3883 756 3946 (uude
768 3882 883 3937 brevius
895 3881 1010 3936 Photius
1023 3887 1052 3936 et
1064 3881 1186 3938 Crameri
1198 3882 1236 3937 A.
1251 3882 1282 3937 0.
1297 3879 1326 3936 ΙΙ
1342 3901 1371 3954 p,
1386 3887 1444 3948 ⁴95)
1461 3882 1588 3954 ζητητής·

360 3971 428 4046 ἀρχή
441 3989 477 4031 τις
489 3965 629 4044 Ἀθήνησιν
642 3973 707 4026 κατὰ
718 3973 822 4043 καιροὺς
834 3972 1007 4043 καθισταμένη
1020 3971 1105 4026 εἴποτε
1121 3973 1181 4032 τοὺς
1199 3973 1347 4034 ἀδικοῦντάς
1365 3993 1389 4028 τι
1408 3972 1518 4045 δημοσίᾳ
1536 3971 1590 4026 δέοι

360 4062 454 4133 ζητεῖν.
486 4059 653 4134 Δημοσθένης
676 4060 705 4117 ἐν’
726 4065 764 4135 τῷ
780 4064 846 4116 κατὰ
864 4061 1041 4133 Τιμοκράτους
1062 4065 1111 4127 (ll.
1134 4065 1183 4116 lco
1201 4079 1243 4134 sq.
1259 4088 1290 4111 =
1304 4065 1332 4118 in
1351 4063 1472 4119 Androt.
1487 4065 1519 4115 42
1533 4065 1585 4132 sq.)

304 4223 306 4228 Ι
358 4152 402 4205 καὶ
416 4149 569 4224 Ἀνδοκίδης
582 4153 608 4207 ἐν
620 4154 656 4226 τῷ
668 4153 726 4224 περὶ
738 4153 865 4215 Inbellem<
883 4155 916 4220 (l,
933 4155 973 4208 14.
989 4155 1031 4206 36.
1045 4157 1088 4206 lo.
1102 4156 1157 4220 65).
1171 4153 1244 4213 οὗτος
1257 4156 1285 4208 δὲ
1298 4154 1312 4208 ὁ
1325 4155 1409 4227 ῥήτωρ
1421 4155 1464 4208 καὶ
1476 4155 1589 4225 ζητοῑῐής

359 4261 420 4297 ποτε
445 4241 557 4314 ἐγένετο,
584 4245 618 4303 ὥς
641 4261 703 4316 φησι
724 4242 820 4304 Λυσίας
843 4245 887 4298 καὶ
910 4242 1056 4315 Ἰσοκράτης
1079 4244 1123 4297 καὶ
1147 4242 1254 4299 Πλάτων
1273 4245 1287 4299 1
1304 4246 1418 4315 κωμικὸς
1440 4243 1584 4318 Πρέσβεσιν.

360 4332 457 4387 Pollux
474 4331 543 4388 VIII
564 4335 610 4385 115
634 4334 754 4405 ζητητα1·
785 4333 866 4404 ὄνομα
890 4333 1014 4405 δημοσίας
1038 4334 1163 4393 διακονίας
1188 4335 1213 4388 οἳ
1233 4335 1266 4388 τὰ
1288 4334 1445 4389 λανθάνοντα
1469 4335 1584 4405 ἐζήτουν.

359 4423 474 4478 Photius
486 4429 515 4477 et
527 4423 594 4478 Lex.
609 4423 678 4478 rbct.
699 4440 726 4492 p.
743 4425 789 4475 cst
811 4425 841 4478 B.
858 4441 885 4478 ν.
901 4423 1015 4495 ζητηταί.
1036 4423 1071 4478 ci.
1086 4422 1285 4479 Hudtwalclxer
1297 4408 1421 4480 nucum
1439 4441 1465 4494 p.
1481 4427 1522 4479 58.
