3574 5282
966 368 986 429 6

363 620 443 685 iuris
464 619 561 685 dictio
582 620 664 686 talia
686 639 818 702 quoqne.
835 619 1126 704 comprehendebat
1136 623 1171 704 ¹),
1203 642 1317 706 parurn
1347 621 1547 700 sufficerent,
1580 645 1598 689 e

363 752 531 837 republica
557 753 662 819 visum
692 761 741 820 est
771 753 1058 818 extraordinarium
1088 754 1130 819 ad
1156 752 1191 817 id
1220 753 1326 836 ipsum
1353 755 1493 821 tribunal
1521 776 1598 822 con-

365 885 498 950 stituere
520 887 572 952 cni
595 887 659 952 ista
680 885 847 971 provincia
873 904 1042 950 causarum
1073 884 1191 950 aerarii
1217 885 1417 953 tribueretur.
1456 890 1599 955 Instituti

363 1027 437 1085 sunt
460 1020 628 1106 syndici
651 1019 700 1084 illi
712 1039 849 1112 quorum
864 1039 963 1103 supra
978 1019 1170 1085 mentionem
1186 1019 1330 1101 lecimus,
1357 1023 1449 1102 quasi
1468 1022 1598 1105 quidam

364 1153 510 1219 advocati
532 1153 602 1219 fisci
627 1189 664 1200 -
690 1152 774 1235 quod
795 1152 901 1237 ipsum
924 1171 1040 1218 nomen
1061 1150 1184 1218 indicat
1209 1191 1245 1200 —
1262 1149 1271 1173 ‘
1287 1153 1341 1236 qui
1368 1155 1414 1220 rei
1447 1155 1597 1240 publicae

366 1307 481 1356 causas
496 1283 720 1353 defenderent'
733 1287 755 1369 Ἰ)
782 1306 820 1350 ac
842 1285 972 1369 publice
993 1285 1045 1351 ius
1068 1286 1222 1351 dicerent.
1262 1287 1311 1352 De
1335 1288 1451 1370 quibus
1469 1289 1596 1374 Harpo-

365 1422 464 1488 cratio
488 1419 636 1505 (indeque
652 1419 784 1485 Pbotius
800 1425 832 1485 et
846 1419 985 1504 Etymol.
1004 1417 1059 1502 Μ.)
1075 1444 1080 1481 ;
1108 1414 1313 1484 Σύνδικοι·
1337 1419 1478 1494 Ἰσαῖος
1500 1424 1532 1486 ἐν
1553 1428 1597 1510 τῷ

365 1553 426 1621 κατ’
450 1550 637 1640 Ἐλπαγόρου
659 1550 709 1618 καί
725 1549 923 1638 Δημοφάνσυς
945 1552 1053 1640 φησίν·
1084 1552 1119 1617 οἳ
1142 1550 1232 1637 μετὰ
1253 1551 1298 1619 τὰ
1321 1557 1361 1619 ἐκ
1384 1555 1594 1641 Πειραιῶς,

365 1687 406 1764 ὡς
436 1686 508 1775 ἐγὼ
539 1682 679 1768 ἀκούω,
714 1683 886 1751 σύνδικοι
915 1679 1029 1771 ἦσαν,
1061 1684 1153 1773 πρὸς
1184 1679 1249 1760 ol<
1277 1686 1320 1752 rol
1351 1685 1596 1774 δημευόμενα

365 1821 596 1910 ἀπεφέρετο·
629 1819 680 1885 καί
711 1820 853 1892 Λυσίας
882 1821 913 1883 ἐν
941 1825 984 1906 τῷ
1011 1816 1087 1884 κατὰ
1117 1820 1276 1902 Δεξίππου,
1311 1825 1337 1886 εί
1359 1818 1498 1908 γνήσιος·
1532 1821 1596 1887 καί

363 1962 433 2021 ποῦ
456 1957 622 2041 ἑτέρωθι
644 1948 822 2040 ἀνδρεῖός
844 1955 945 2018 ἐστιν
969 1947 1096 2030 οὗτος
1121 1951 1214 2040 πρὸς
1236 1956 1312 2028 τοῖς
1335 1957 1595 2041 θεσμοθέταις

363 2086 512 2177 idalii<
555 2083 821 2174 ἴραφόμενθς,
868 2083 960 2172 πρὸς
1002 2088 1082 2159 τοῖς
1125 2087 1325 2160 συνδίκοις
1369 2085 1594 2178 ἀπογραφὰς

365 2356 516 2442 Πειραιῶς
544 2351 673 2418 κάθοδον
709 2333 747 2436 (οἱ
769 2349 902 2432 σύνδικοι
927 2352 1001 2418 add.
1027 2353 1165 2445 epitome
1188 2359 1220 2418 et
1241 2353 1399 2438 Photius).
1438 2355 1595 2439 Designat

363 2491 461 2576 igitur
491 2487 712 2572 magistratum
746 2493 837 2551 extra
870 2486 1013 2551 ordinem
1046 2485 1079 2551 in
1113 2493 1232 2552 certum
1265 2493 1391 2571 tempus
1423 2492 1594 2572 quotannis

365 2624 512 2704 electum,
538 2622 578 2688 de
601 2641 664 2703 quo
686 2621 750 2686 iarn
765 2622 878 2686 Isaeus
894 2620 991 2685 lando
1006 2625 1128 2685 tanturn
1143 2618 1327 2686 audiverat:
1352 2621 1436 2688 unde
1452 2641 1509 2688 suo
1524 2623 1593 2689 iure

365 2756 525 2841 Sauppius
541 2753 595 2820 Or.
614 2753 680 2818 Att.
698 2754 731 2818 II
745 2774 779 2837 p.
800 2756 859 2818 183
876 2753 1052 2818 orationem
1066 2753 1100 2818 in
1115 2753 1308 2838 Dexippum‚
1335 2775 1431 2836 quarn
1445 2756 1593 2842 Lycurgo

363 2891 505 2956 tribuunt
526 2887 787 2972 Harpocrationis
818 2887 891 2952 libri
918 2892 950 2952 et
971 2885 1184 2970 Etymologici
1206 2887 1316 2970 Magni
1338 2888 1588 2975 Florentinus³)‚

363 3023 482 3108 Lysiae
503 3021 689 3088 vindicavit.
728 3012 811 3086 Narn
834 3020 961 3085 omnino
983 3019 1039 3083 nni
1061 2999 1180 3104 Lysiae
1209 3017 1343 3086 debetur
1370 3019 1525 3103 quidquid
1552 3023 1593 3089 de

362 3157 505 3242 syndiois
527 3156 726 3239 exploratum
749 3157 809 3220 est.
849 3153 953 3234 Atque
972 3152 1020 3217 illi
1036 3152 1171 3236 collegio
1186 3152 1246 3217 hoc
1260 3153 1401 3218 muneris
1416 3154 1591 3220 iniunctum

363 3295 449 3372 crat,
487 3295 522 3353 ut
553 3287 593 3353 dc
626 3287 719 3352 bonis
751 3287 867 3352 civium
900 3285 1104 3371 publicandis
1137 3294 1364 3369 cognoscerent
1392 3293 1424 3352 et
1451 3288 1592 3354 actiones

363 3423 477 3487 darent
497 3421 531 3485 in
553 3440 608 3486 eos
630 3420 686 3502 qui
701 3419 778 3502 quid
793 3440 834 3484 cx
850 3420 941 3486 bonis
955 3419 1128 3504 publicatis
1142 3421 1386 3504 publicandisvc
1401 3423 1593 3490 avertissent

363 3555 431 3622 sive
454 3554 641 3622 detinerent.
681 3552 731 3617 Ad
754 3553 904 3638 syndicos
926 3552 1024 3636 igitur
1046 3553 1199 3618 accedere
1227 3554 1407 3636 quicunque
1436 3558 1591 3641 proscribi

362 3688 464 3756 civem
486 3688 624 3770 aliquem
647 3687 768 3752 vellent
789 3686 935 3768 bonaque
957 3685 1151 3771 publicando
1173 3686 1206 3751 in
1224 3685 1363 3752 indicem
1377 3687 1497 3754 referre
1511 3690 1591 3756 iussi

433 3912 454 3976 1)
476 3910 677 3976 Undecimviri,
698 3911 722 3964 si
740 3909 850 3980 quidem
869 3907 938 3963 fides
956 3909 1084 3963 habenda
1102 3910 1195 3981 Etym.
1209 3911 1245 3964 M.
1265 3928 1292 3980 p.
1313 3913 1363 3962 338
1376 3929 1402 3965 v.
1433 3912 1541 3966 ἕνδεκα.
1558 3956 1564 3966 .
1580 3954 1586 3964 .

361 3999 462 4074 είσῆρον
481 4000 509 4052 δὲ
526 4002 570 4054 καὶ
587 4001 619 4054 τὰ
636 4001 833 4072 ἀπογραφόμενοι
850 4000 943 4073 χωρία,
964 3999 1053 4064 οίκίας,
1072 4001 1164 4053 καὶτὰ
1181 4000 1291 4071 δημόσια
1308 4002 1373 4054 εἶναι
1391 4001 1495 4064 δόξαντα
1512 4004 1590 4073 παρέ·
1647 4039 1652 4066 ,

362 4090 447 4144 bosca
459 4097 514 4149 τοῖς
526 4090 659 4161 πωληταῖς
674 4089 718 4155 (σί.
732 4091 817 4145 Meicr
829 4090 865 4145 de
877 4090 958 4145 bonis
970 4091 1160 4145 damnatorum
1172 4107 1199 4160 p.
1213 4093 1271 4146 209.
1286 4094 1343 4146 Aa.
1358 4091 1406 4146 Pr.
1421 4109 1448 4161 p.
1458 4095 1499 4144 Π.
1515 4095 1592 4156 25952.

362 4196 524 4251 quamquam
542 4197 587 4236 res
604 4182 709 4236 incerta
727 4187 778 4236 eat.
1074 4189 1077 4196 “

430 4273 454 4336 2)
475 4271 561 4326 verba
579 4277 643 4326 sunt
660 4271 728 4327 Cod.
750 4271 825 4326 Just.
844 4270 871 4324 X
887 4273 930 4338 ll,
951 4273 976 4324 4.

428 4363 452 4429 3)
473 4361 562 4416 Miller
579 4360 710 4434 ικέίοιιραο
728 4364 759 4416 dc
777 4363 922 4416 διιέναιιινε
934 4377 1049 4434 guoque
1066 4377 1092 4433 p.
1110 4363 1168 4416 274.
1535 4379 1555 4416 ο
