3574 5282
954 322 973 384 8

378 652 379 656 Ἰ
435 562 533 646 Atqui
556 560 640 627 bane
661 566 791 645 partem·
809 557 976 644 patrocinii
999 557 1123 624 aerario
1152 556 1289 644 parandi
1311 555 1399 623 haud
1426 575 1506 622 sane
1532 557 1585 622 le-

351 696 482 775 viorem,
509 693 820 762 accusationem
842 693 924 774 dico,
950 699 1017 758 tum
1033 690 1110 758 solis
1126 690 1287 757 hominum
1302 690 1499 776 privatorum
1515 689 1586 754 sive

302 904 305 911 ,
349 828 465 895 studiis
496 828 571 896 -sive
608 828 838 914 cupiditatibus
875 825 1019 892 relictam
1051 825 1152 892 tuisse
1188 845 1302 910 parum
1334 823 1488 892 credibile
1520 827 1583 888 est.

349 962 449 1027 Immo
465 962 618 1047 populum
633 960 888 1040 Atheniensium,
914 978 986 1025 oum
1003 958 1290 1025 extraordinarium
1306 957 1444 1024 tribunal
1459 959 1589 1022 crearet
1689 1023 1691 1028 ,
1714 977 1716 982 ’

350 1094 393 1160 ad
421 1093 671 1178 proscriptiones
701 1091 950 1176 examinandus,
986 1098 1236 1160 consentaneum
1269 1098 1319 1158 est
1347 1091 1443 1157 simul
1470 1087 1587 1156 'eodem

350 1226 484 1294 consilio
505 1226 711 1310 inquisitores
733 1225 912 1293 instituisse
941 1225 1072 1311 publica
1100 1225 1287 1292 auctoritate
1317 1223 1495 1308 praeditos,
1529 1221 1605 1322 qui

265 1377 267 1380 ⁴
352 1359 450 1426 officii
472 1379 572 1427 causa
592 1360 677 1426 bona
699 1360 816 1426 civium
838 1359 915 1425 fisco
937 1358 1134 1426 vindicanda
1155 1363 1302 1424 notarent
1324 1363 1357 1424 et
1384 1343 1418 1422 in
1446 1354 1584 1421 indicem

354 1493 547 1577 redigerent.

437 1627 480 1692 Et
501 1646 577 1692 vero
599 1625 660 1693 hoc
680 1626 785 1710 ipsum
808 1623 947 1690 officium
970 1624 1062 1690 alteri
1089 1625 1224 1709 collegio
1249 1587 1439 1690 'mandatum
1469 1622 1580 1704 fuisse,

352 1759 407 1842 qui
431 1763 620 1845 συλλογῆς
643 1760 859 1844 appellantur,
886 1757 1029 1824 elerico
1051 1756 1207 1848 rhetorico
1228 1757 1435 1841 cognovimus
1463 1759 1505 1841 (p.
1523 1758 1582 1820 304

352 1891 469 1972 Beki.)
498 1892 709 1978 Συλλογεῖς
733 1884 916 1979 ἄρχοντες
944 1886 1011 1956 bet
1040 1895 1105 1956 τοῦ
1136 1887 1262 1978 δήμου
1291 1888 1580 1986 perpotaverat,
1623 1902 1625 1906 '

352 2015 498 2099 οἵτινες
529 2020 798 2113 ἀπεγράφοντο
826 2023 894 2098 τὰς
923 2021 1059 2098 οὐσίας
1089 2029 1160 2090 τῶν
1194 2021 1473 2111 ὀλιγαρχικῶν.
1519 2025 1584 2090 Hos

352 2159 450 2226 etiam
472 2158 527 2223 diu
548 2164 622 2244 post
642 2159 945 2243 quadringentorum
968 2165 1000 2226 et
1025 2159 1157 2242 triginta
1180 2157 1318 2224 virorum
1344 2165 1489 2244 tempora
1512 2178 1585 2246 mu-

352 2312 428 2358 nere
456 2291 547 2376 fungi
576 2291 686 2358 solitos
716 2298 895 2371 constaret,
928 2293 955 2394 si
978 2292 1141 2359 Boeokbio
1170 2290 1300 2359 credere
1321 2291 1433 2358 liceret
1455 2290 1583 2358 eosdem

352 2423 452 2490 fuisse
493 2431 589 2508 atque
612 2425 680 2508 'qui
718 2426 752 2490 in
794 2426 895 2492 titulis
912 2453 914 2462 ’
934 2425 1203 2492 Demosthenioae
1243 2423 1360 2490 aetatis
1401 2431 1585 2508 comparent

354 2559 506 2644 σολλογεῖς
538 2565 590 2624 τοῦ
625 2555 739 2645 δήμου,
777 2560 931 2644 epulones
964 2559 1102 2644 dapibus
1125 2558 1353 2626 sacrificalibus
1381 2556 1530 2624 curandis
1540 2558 1580 2640 ¹j:

354 2692 470 2776 quibus
492 2691 602 2777 populi
625 2693 887 2760 convocatoribus
910 2700 1078 2778 praeterea
1100 2693 1237 2759 alterum
1259 2692 1398 2760 officium
1416 2689 1585 2776 optimates

352 2824 566 2910 persequendi
587 2825 643 2890 illo
666 2832 807 2911 tempore
829 2826 1004 2892 iniunctum
1028 2825 1128 2892 fuisse
1151 2827 1273 2893 statuit.
1310 2828 1428 2894 Verum
1450 2828 1510 2894 boc
1525 2847 1584 2894 ne-

353 2978 416 3040 que
438 2958 480 3023 ab
503 2978 563 3023 usu
587 2959 701 3044 epulas
727 2979 826 3044 saepe
849 2979 889 3024 ex
911 2959 1056 3043 pecuniis
1077 2959 1249 3044 publicatis
1272 2960 1457 3026 celebrandi
1479 2980 1583 3043 neque

354 3113 375 3156 a
415 3091 650 3176 comparatione
689 3093 830 3175 quinque
867 3091 1057 3177 ephororum
1093 3093 1242 3159 idoneam
1278 3094 1584 3160 commendationem

348 3213 460 3290 'habet
500 3225 551 3290 Ne
574 3245 614 3290 ex
628 3225 715 3292 Isaei
736 3225 865 3308 quidem
880 3225 1040 3296 mentione
1055 3225 1142 3310 apud
1156 3227 1440 3312 Harpocrationem
1457 3233 1586 3294 servata

354 3360 545 3442 συλλογῆς
567 3351 662 3443 ὄνομα
684 3355 799 3446 ἀρχῆς·
829 3355 969 3432 Ἰσαῖος
996 3361 1035 3424 ἐν
1064 3365 1113 3448 τῷ
1143 3363 1378 3450 μετοικικῷἳ)
1413 3363 1585 3449 σαφέστατα

355 3492 456 3577 δηλοῖ,
490 3491 551 3556 etsi
584 3490 626 3557 ad
658 3491 732 3556 illos
764 3491 964 3576 optimatium
995 3493 1155 3559 delatores
1190 3495 1335 3579 publicos
1368 3494 1455 3562 haud
1488 3494 1584 3561 dubie

426 3698 447 3756 t)
468 3693 571 3749 Eorum
589 3697 687 3750 titulus
704 3697 892 3752 dedicatorius
910 3703 988 3752 extat
1007 3697 1075 3753 (1.1.
1090 3697 1123 3753 G.
1145 3698 1158 3751 1
1176 3716 1202 3753 n.
1217 3701 1250 3752 99
1270 3701 1336 3754 anni
1353 3699 1395 3754 01.
1419 3703 1476 3765 lit,
1499 3701 1583 3768 11321

359 3783 402 3848 tei.
418 3783 540 3838 Boeokb.
554 3802 582 3854 p.
596 3789 654 3850 137,
673 3787 821 3841 Kirobhoff
836 3793 889 3842 act.
904 3785 993 3842 Aead.
1008 3788 1099 3843 Berol.
1118 3792 1267 3860 1863p.4);
1281 3790 1410 3846 eidemin
1424 3791 1584 3861 Lycurgeae

354 3875 601 3930 administrationis
620 3877 775 3932 rationibus
786 3877 872 3945 lapidi
884 3877 980 3933 incisis
992 3895 1065 3933 anuo
1077 3877 1118 3934 ΟΙ.
1139 3882 1194 3945 111,
1209 3881 1297 3950 31334
1310 3897 1345 3936 ex
1356 3881 1447 3950 epuiis
1459 3881 1584 3952 Olympi-

355 3980 450 4018 eorum
478 3965 627 4034 λεμματσοόγ
659 3967 777 4022 solvisse
805 3966 962 4022 reseruntur
986 3986 1012 4022 n.
1038 3971 1094 4021 157.
1124 3969 1160 4025 of.
1183 3970 1297 4025 Boeckb
1322 3972 1533 4026 Staatsburoholt
1555 3974 1580 4027 d.

354 4056 417 4108 Atb.
429 4054 457 4108 II
468 4072 494 4125 p.
506 4057 553 4108 127
561 4071 603 4126 sq.
623 4056 757 4112 Diversos
770 4059 947 4127 magistratus
960 4066 1114 4128 agnoscunt
1124 4059 1297 4116 Schoemauu
1309 4063 1343 4117 de
1352 4047 1472 4118 comitiis
1484 4080 1511 4133 p.
1522 4065 1580 4117 317.

355 4143 440 4198 Maior
452 4147 486 4199 de
498 4145 580 4200 bonis
592 4147 783 4202 damnatorum
795 4163 822 4216 p.
837 4149 886 4200 206
899 4165 926 4203 n.
943 4151 999 4203 156.
1020 4149 1055 4204 ci.
1071 4149 1183 4220 Sauppe
1195 4151 1241 4206 Or.
1254 4149 1315 4207 Ata.
1329 4151 1357 4206 ΙΙ
1368 4170 1396 4223 p.
1412 4154 1461 4205 239
1473 4170 1500 4206 n.

423 4237 446 4300 2)
468 4251 537 4290 corr.
552 4233 675 4305 Sauppe:
696 4241 850 4310 μετοικισμῷ
861 4239 922 4293 cod.
942 4237 1145 4308 degebamus,
1164 4242 1274 4313 μετοίκῳ
1293 4234 1356 4298 libri
1367 4243 1533 4302 deterioresa
1554 4245 1583 4299 in

353 4325 482 4398 epitome,
498 4326 564 4382 item
575 4328 650 4396 apud
662 4327 790 4384 Photium
802 4336 831 4384 et
843 4328 956 4385 Suidam
968 4331 1155 4386 testimonium
1168 4333 1307 4387 omissum.
