3574 5282
807 360 825 418 5

743 443 897 454 m

288 609 386 694 Atqui
407 610 472 676 ista
494 611 575 676 ratic
597 632 701 695 neque
724 635 744 679 a
766 599 921 680 facilitate
943 613 1146 682 correctionis
1169 613 1249 680 satis
1271 635 1434 680 commen-

194 740 313 827 datur,
350 749 381 809 et
413 743 504 828 prius
534 764 596 828 quo
632 746 714 812 haec
749 746 951 812 illustrantur
979 747 1180 813 enuntiatum
1214 743 1433 833 ἡγούμενος

195 869 306 963 αὑτῷ
335 873 455 961 καλὴν
485 876 589 942 εἶναι
616 875 683 965 τὴν
713 874 906 953 ἐπίδειξιν
931 879 986 964 (ita
1008 899 1066 964 pro
1089 875 1234 952 ἀπόδειξιν
1257 887 1343 948 recte
1365 883 1433 948 Do-

194 1008 316 1094 braeus
339 1017 371 1076 et
392 1010 573 1098 Emporias)
599 1011 663 1078 καὶ
684 1010 776 1099 πρὸς
798 1011 886 1087 τοὺς
907 1013 1067 1087 πολίτας
1089 1011 1153 1077 καὶ
1175 1011 1263 1087 τούς
1287 1015 1428 1092 ξένους,

191 1135 256 1206 ’ότι
277 1139 458 1231 Ἀθήνησι
484 1151 666 1210 τοσοῦτον
697 1142 875 1227 δύναται,
913 1141 983 1211 ὥσθ’
1017 1143 1093 1233 ὑμᾶς
1114 1186 1157 1195 -
1179 1143 1268 1238 ὑμῖν
1300 1147 1431 1223 αὐτοῖς

190 1270 239 1338 τὰ
263 1276 420 1342 ἐναντία
441 1279 565 1344 ποιεῖν
590 1280 847 1367 ψηφίζεσθαι·
882 1276 1022 1354 πάντες
1054 1277 1125 1368 γὰρ
1158 1278 1332 1347 εἴσονται
1364 1286 1427 1347 κτλ.

191 1410 243 1478 ita
267 1413 395 1479 demum
418 1405 509 1480 suam
531 1412 596 1479 vim
617 1413 736 1480 habere
757 1411 894 1495 videtur,
921 1415 949 1480 si
971 1434 1084 1481 revera
1105 1415 1191 1482 idem
1206 1415 1377 1482 Poliochus
1399 1420 1431 1480 et

191 1547 384 1613 absolutorii
411 1547 524 1628 prioris
546 1545 658 1612 iudicii
687 1552 719 1612 et
747 1547 843 1614 huius
872 1548 1062 1614 damnatorii
1092 1554 1202 1614 auctor
1230 1549 1424 1634 perhibetur.

191 1679 398 1764 Quamquam
420 1682 480 1748 hoc
503 1681 659 1762 quomodo
682 1681 753 1748 fieri
774 1683 923 1767 potuerit,
952 1683 1201 1766 haudquaquam
1223 1683 1257 1747 in
1279 1690 1428 1767 promptu

192 1823 246 1882 est
269 1816 451 1901 explicatio.
490 1815 559 1882 Nec
582 1835 658 1880 vero
680 1814 819 1882 diffiteor
840 1817 990 1882 idoneam
1013 1817 1170 1883 rationem
1192 1816 1335 1901 reperiri,
1362 1837 1427 1899 qua
1467 1840 1469 1846 ·
1505 1783 1507 1788 ,

191 1955 227 2016 et
249 1949 355 2016 verbis
378 1949 444 2015 illis
467 1947 561 2015 sicuti
583 1950 732 2033 leguntur
755 1950 855 2016 atrei
877 1949 1096 2034 probabilitati
1119 1930 1197 2016 satis
1219 1948 1284 2014 fiat.
1336 1948 1426 2026 Quae

191 2103 257 2166 qno
280 2084 408 2150 facilius
430 2088 552 2168 pateat,
576 2102 639 2148 non
662 2083 721 2148 abs
743 2083 896 2176 tefuerit
917 2082 1015 2167 paulo
1037 2084 1135 2148 altius
1157 2088 1303 2167 repetere
1326 2102 1426 2165 quae·
1449 2179 1450 2184 ἵ

143 2263 146 2270 .
191 2217 330 2283 stionem
352 2223 394 2300 et,
420 2238 482 2301 quo
505 2217 644 2282 maxime
666 2217 759 2283 modo
782 2237 900 2284 causae
922 2217 1050 2282 fiscales
1072 2217 1227 2282 bonorum
1254 2216 1425 2299 publican—

190 2350 305 2416 dorum
328 2357 394 2417 tum
416 2350 569 2436 temporis
591 2350 646 2433 agi
669 2349 880 2434 sintsolitae,
905 2350 1018 2434 paucis
1041 2369 1213 2434 exponere.
1297 2321 1301 2329 ’

702 2808 837 2900 ‘qa

275 3009 453 3089 Postquam·
469 3025 615 3072 eversum
637 3010 686 3071 est
713 3005 984 3088 trigintavirorum
1013 3004 1199 3088 imperium,
1232 3005 1266 3068 in
1295 3021 1418 3068 summa

188 3139 428 3227 perturbatione
449 3160 554 3206 rorum
583 3138 783 3223 publicarum
812 3138 1090 3222 privatarumque,
1124 3138 1230 3220 qualis
1259 3158 1300 3204 ex
1329 3139 1418 3204 brevi

188 3273 388 3358 optimatium
410 3273 626 3339 dominatione
650 3270 772 3354 evenit,
805 3270 992 3355 proscriptis
1015 3270 1151 3336 aliorum
1173 3269 1289 3336 civium
1313 3271 1413 3354 bonis,

187 3407 322 3473 aliorum
344 3427 417 3473 cnm
438 3406 556 3472 aerarii
579 3406 768 3472 detrimento
790 3405 909 3486 auctis,
943 3404 1099 3491 plurimas
1121 3404 1197 3470 inde
1219 3425 1285 3470 rem
1308 3405 1416 3489 publi-

186 3561 258 3608 cam
289 3541 372 3606 inter
405 3546 437 3606 et
470 3540 557 3607 cives
591 3540 736 3623 singulos
772 3538 977 3620 quaestiones
1012 3537 1128 3603 exoriri
1161 3558 1294 3604 necesso
1331 3547 1410 3605 erat.

185 3671 276 3738 Adde
299 3673 384 3756 quod
405 3675 553 3758 populus‘
566 3675 649 3739 ultro
671 3649 937 3759 proscriptionum
960 3670 1095 3755 cupidus
1125 3677 1157 3737 et
1185 3671 1227 3736 ad
1255 3673 1413 3740 aerarium

122 3814 124 3819 ’
185 3806 298 3887 quovis
335 3807 428 3873 modo
464 3813 499 3872 ut
534 3806 732 3891 implendum
764 3806 811 3871 ita
843 3803 1095 3870 exhauriendum
1128 3804 1234 3871 facilis
1264 3811 1414 3894 neglecta

185 3958 281 4024 saepe
312 3960 408 4024 qnam
437 3948 589 4007 sanxerat
617 3939 777 4006 oblivione
799 3961 906 4006 rerum
927 3938 1172 4027 praeteritarum
1197 3942 1338 4008 animum
1360 3944 1411 4008 iu-

184 4071 302 4138 festum
338 4059 495 4142 adversus
531 4094 586 4140 ecs
624 4076 711 4142 cives
748 4095 811 4140 non
850 4075 1015 4159 deposuit,
1060 4077 1240 4160 quicunque
1274 4076 1410 4163 optima-

183 4204 262 4271 tium
297 4207 393 4273 rebus
426 4207 585 4274 studuisse
626 4209 694 4275 sive
733 4208 802 4275 inre
838 4209 906 4275 sive
941 4209 1099 4274 immerito
1135 4208 1406 4274 insimularentur.
1499 4219 1501 4222 ’

183 4339 306 4406 Tantae
329 4345 436 4406 autern
458 4341 678 4423 quaestionum
701 4341 777 4408 moli
799 4362 872 4408 cum
894 4342 1101 4430 magistratus
1129 4343 1228 4410 annui
1237 4394 1251 4427 ,,
1277 4363 1410 4428 quorum
