3574 5282
809 309 827 370 7

205 570 297 629 sunt:
322 585 397 630 nam
419 562 505 645 quod
527 559 704 650 ἀπογραφὰς
727 559 912 651 ἀπογράφειν
935 562 1119 648 Dexippum
1142 569 1177 628 ut
1198 563 1325 632 vafrum
1346 565 1438 630 dela-

204 702 305 762 torem
321 696 438 780 Lysias
461 696 539 762 dicit
549 699 584 781 ¹),
611 696 724 763 eodem
747 696 833 762 valet
847 695 932 762 Isaei
955 697 1113 763 sententia
1135 698 1196 763 etsi
1218 699 1328 783 paullo
1350 699 1438 764 inso-

203 830 321 898 lentius
343 836 506 897 eontracta
527 827 600 918 πρὸς
623 821 673 903 oio<
691 827 730 896 τὰ
746 825 935 915 δημευόμενα
951 827 1115 917 ἀπεφέρετο
1144 829 1174 912 (i.
1194 852 1223 897 e.
1244 851 1302 916 per
1316 830 1439 898 indices

205 963 454 1046 deferebantur).
500 965 581 1030 Item
602 962 758 1048 quidquid
785 964 845 1029 sub
867 964 1138 1048 trigintavirorum
1160 964 1375 1032 dominatione
1396 985 1439 1030 ex

206 1098 329 1164 aerario
352 1098 552 1182 praetorius
575 1097 717 1162 ablatum
746 1116 818 1162 csse
846 1099 984 1182 populus
1008 1097 1150 1179 censuit,
1183 1097 1309 1183 syndici
1337 1097 1440 1163 habe-

206 1231 284 1296 bant
306 1231 538 1314 quaestionem.
577 1230 647 1308 Quo
669 1230 702 1296 in
731 1251 863 1297 numero
885 1249 941 1296 aes
971 1237 1122 1313 equestre
1153 1227 1350 1315 (κατάστασις)
1374 1230 1440 1297 ‘fuit

207 1384 326 1446 eorum,
352 1365 406 1447 qui
425 1365 481 1430 illo
503 1371 646 1450 ternpore
669 1365 811 1447 equitum
834 1363 995 1448 stipendia
1016 1364 1173 1431 fecerant:
1200 1387 1274 1430 nam
1297 1365 1439 1447 equitum

203 1497 318 1562 studiis
340 1497 509 1581 optimates
530 1498 703 1583 praecipue
726 1499 897 1564 sustentati
920 1517 992 1563 csse
1013 1497 1214 1563 videbantur.
1250 1501 1328 1566 Inde
1343 1499 1437 1566 Man-

205 1628 322 1696 titheus
344 1630 379 1696 in
401 1633 557 1698 senatoris
585 1635 772 1719 probatione
800 1633 937 1714 crimen,
970 1630 1057 1714 quod
1083 1632 1139 1697 illo
1167 1638 1309 1716 tempore
1338 1652 1437 1714 eques

205 1763 359 1845 militarit,
378 1766 530 1832 convellit
544 1788 659 1833 nomen
676 1789 769 1833 suum
785 1768 827 1838 ad
843 1766 994 1851 syndicos
1010 1765 1152 1832 delatum
1167 1784 1292 1848 negans
1312 1766 1373 1849 (16,
1390 1768 1434 1850 7).

204 1896 349 1981 Denique
372 1917 424 2000 res
446 1898 517 1984 ipsa
540 1899 673 1983 ferebat,
699 1907 734 1966 ut
756 1901 783 1966 si
805 1899 877 1983 quis
900 1899 978 1981 quid
1000 1919 1041 1963 ex
1062 1897 1154 1964 bonis
1176 1898 1307 1964 alterius
1330 1899 1437 1983 publi-

127 2001 129 2004 ·
203 2029 282 2094 catis
304 2030 547 2114 publicandisve
575 2041 737 2116 tamquam
766 2053 858 2107 suum
887 2033 989 2098 sibive
1018 2031 1160 2097 debitum
1193 2037 1368 2114 repeteret,
1408 2034 1437 2098 ei

204 2163 290 2248 apud
321 2165 472 2249 syndieos
505 2167 678 2233 certamine
711 2174 821 2232 contra
858 2166 1017 2232 aerarium
1056 2125 1248 2250 (brustemia)
1276 2165 1437 2250 agendum

205 2303 300 2365 esset.
340 2299 377 2362 In
399 2299 555 2367 eiusmodi
578 2307 765 2384 argumento
787 2306 935 2366 versatur
957 2300 1058 2366 oratio
1068 2300 1164 2364 XVII
1184 2299 1224 2364 de
1248 2298 1339 2364 bonis
1354 2300 1437 2365 Era-

206 2430 289 2497 tonis
310 2431 482 2516 publicatis
504 2432 624 2514 habita,
651 2434 702 2499 eui
724 2455 894 2518 perperam
918 2433 1067 2519 δημοσίων
1091 2428 1438 2518 ἀδικημάτωνίυεονὶρ-

206 2569 271 2630 tum
295 2571 356 2630 cst.

289 2745 376 2810 Satis
403 2752 436 2810 et
463 2765 497 2811 re
525 2753 558 2812 et
585 2748 846 2813 testimoniorum.
865 2765 1021 2813 consensu
1051 2746 1203 2830 probatur
1232 2747 1435 2831 syndieorum

204 2882 394 2963 potestatem
416 2879 521 2945 iuris
544 2879 746 2962 dictione,
772 2901 855 2964 quae
876 2876 1022 2965 ἡγεμονία
1039 2877 1227 2966 δικαστηρίου
1242 2887 1292 2945 est
1305 2880 1431 2964 Atticis,

203 3009 339 3077 definiri.
380 3012 444 3078 Sed
466 3033 565 3097 penes
587 3033 669 3108 quos
690 3021 759 3079 erat
780 3033 896 3079 causas
918 3014 951 3078 in
973 3013 1042 3078 iure
1062 3032 1263 3096 cognoscere,
1290 3013 1435 3095 cognitas

203 3145 313 3211 iudicii
335 3146 498 3230 suffragiis
521 3147 730 3213 committere:
758 3146 862 3212 cidem
884 3167 987 3230 neque
1010 3151 1211 3212 accusatores
1229 3145 1292 3229 ipsi
1307 3146 1434 3230 prodire

203 3299 307 3361 neque
329 3279 411 3345 alios
433 3280 488 3363 qui
510 3286 700 3346 accusarent
721 3278 872 3362 delegare
887 3286 1044 3364 poterant.
1084 3278 1221 3344 Diversa
1237 3278 1322 3344 enim
1337 3285 1434 3363 atque

79 3419 82 3423 '
202 3411 284 3478 adeo
306 3413 466 3478 contraria
488 3413 594 3479 officia
614 3413 661 3479 ita
682 3419 793 3480 contra
821 3414 872 3505 ius
895 3434 933 3478 ao
959 3413 1115 3478 rationem
1149 3411 1432 3496 coniungerentur:

203 3543 308 3627 neque
333 3546 508 3629 quidquam
535 3545 568 3612 in
590 3545 833 3612 Atheniensium
861 3546 1015 3612 institutis
1043 3545 1222 3611 forensibus
1250 3543 1433 3628 religiosius

204 3685 332 3745 cautum
354 3697 427 3746 esse
448 3679 593 3746 videmus
616 3699 712 3763 quam
733 3701 774 3746 ne
797 3681 902 3747 eidem
922 3679 1126 3764 magistratui
1148 3677 1182 3742 iu
1204 3675 1318 3744 cadem
1335 3698 1433 3762 causa

203 3819 236 3878 ct
257 3812 432 3878 iurisdictio
455 3819 487 3879 et
508 3813 671 3880 accusatio
693 3819 898 3898 competeret.
943 3812 947 3814 ’

202 4019 408 4030 ...-..---

274 4138 297 4200 l)
315 4137 351 4190 ei.
370 4138 435 4207 Lys.
459 4139 498 4202 13,
513 4138 546 4188 65
564 4135 620 4206 περὶ
639 4105 866 4206 desumpserint,
887 4135 946 4194 ὅσος
965 4134 1039 4193 οὗτος
1056 4133 1074 4204 ἢ
1093 4133 1164 4192 δίκας
1183 4133 1247 4192 ἰδίας
1266 4143 1429 4205 συκοφαντῶν

205 4227 332 4288 ἐδικάζετο
358 4225 376 4296 ἢ
403 4226 501 4300 γραφὰς
527 4225 587 4284 ὅσοις
614 4225 737 4297 ἐγράφετο
760 4224 778 4298 ἢ
803 4225 952 4296 ἀπογραφὰς
970 4225 1129 4300 ἀπέγραφεν,
1158 4223 1230 4278 οὐδέν
1258 4243 1290 4294 με
1314 4225 1354 4278 δεῖ
1370 4218 1429 4278 καθ’

205 4315 311 4371 ἕκαστον
329 4316 418 4388 λέγειν.
