3574 5282
748 392 901 490 L

210 667 285 714 rens
307 648 457 733 precibus
480 648 563 732 adit,
596 669 637 714 ne
666 649 770 732 magis
798 648 922 716 aerario
952 661 1049 731 quam
1077 648 1179 732 ipsius
1208 648 1270 713 iuri
1292 649 1435 716 faveant.

211 781 333 846 Eodem
349 755 452 866 ‘plane
474 781 608 862 concilio
630 781 664 846 in
686 801 785 848 causa
805 783 936 849 aerario·
953 787 985 846 et
1005 782 1078 866 ipsa
1095 782 1219 848 intenta
1233 782 1273 848 de
1287 783 1437 850 Eratonis

210 915 301 980 bouis
322 913 495 999 publicatis
523 916 577 998 (or.
601 917 702 997 XVII)
736 922 824 982 actor
852 921 981 1000 perorat
1002 909 1061 1002 ἤδη
1092 917 1124 980 δέ
1148 942 1198 1001 μοι
1220 918 1301 982 δοκεῖ
1323 916 1437 982 δίκαιον

210 1046 352 1114 εἶναικαὶ
369 1049 517 1134 δεηθῆναι
531 1044 612 1134 ὑμῶν
628 1075 660 1115 τε
681 1048 744 1114 aul
765 1054 837 1116 τῶν
860 1047 1050 1115 συνδίκων
1072 1048 1203 1114 ἐναντίον
1223 1045 1320 1135 ὑμῶν.
1335 1099 1342 1114 .
1356 1099 1363 1114 .
1375 1099 1382 1113 .
1396 1087 1433 1098 ·-

209 1181 356 1263 Denique
390 1181 558 1266 aptissima
589 1187 640 1248 est
671 1182 725 1248 isti
762 1183 923 1248 actionum
956 1181 1067 1264 generi
1096 1182 1183 1248 mille
1212 1182 1436 1250 drachmarum

209 1315 346 1381 mentio:
372 1336 455 1399 quae
477 1315 579 1381 multa
600 1315 676 1382 licet
697 1315 829 1381 minime
850 1314 1022 1381 abhorreat
1042 1313 1196 1382 aiudicio
1210 1307 1319 1400 legum
1334 1317 1436 1383 viola—

208 1454 330 1532 tarum,
364 1454 398 1514 at
417 1449 547 1533 propria
569 1449 631 1514 fuit
653 1455 685 1514 et
706 1447 867 1532 legitima,
886 1448 928 1513 ui
950 1448 1023 1531 quia
1045 1448 1165 1514 frustra
1185 1449 1270 1514 bona
1298 1450 1435 1516 alicuius
1524 1441 1538 1470 ⁰

209 1581 244 1646 in
266 1581 403 1648 indicem
425 1582 605 1666 redegisset
613 1585 651 1668 ¹).

294 1717 411 1782 Verum
432 1722 533 1782 totum
554 1716 635 1782 illud
652 1721 868 1782 commentum
890 1715 930 1780 dc
953 1735 1053 1780 causa
1074 1712 1254 1802 παρανόμων
1277 1738 1340 1782 non
1360 1717 1437 1784 niti-

210 1855 261 1914 tur
282 1849 344 1915 nisi
366 1850 473 1915 verbis
495 1849 543 1915 cis
566 1869 649 1932 quac
671 1847 852 1933 corruptela
873 1847 1020 1914 laborare
1041 1848 1106 1933 ipai
1128 1851 1313 1917 defensores
1329 1850 1437 1918 faten-

209 1989 274 2048 tur:
311 1978 492 2070 παρανόμων
526 1977 685 2070 φεύγοντος
716 1986 768 2046 τοῦ
783 2007 786 2013 ·
802 1977 892 2048 αὐτοῦ
922 1977 1039 2068 ἀνδρός.
1084 1983 1146 2049 Ubi
1180 1984 1264 2066 quod
1296 1985 1436 2052 Melerus

209 2117 423 2201 supplendum
445 2115 611 2207 proposuit
632 2111 813 2204 παρανόμων
838 2111 996 2188 διώκοντος
1018 2111 1249 2203 culpatam<
1270 2123 1322 2184 roi
1345 2115 1437 2184 αὐτοῦ

209 2246 330 2338 ἀνδρός,
363 2269 402 2316 οο
430 2270 494 2315 non
523 2217 660 2330 tollitur,
694 2247 753 2314 sed
781 2253 919 2332 augetur
940 2213 1114 2314 difficultas
1143 2249 1220 2316 inde
1249 2251 1432 2336 conspicua,

209 2383 295 2466 quod
326 2385 436 2469 inepte
465 2383 580 2450 eadem
609 2401 709 2448 causa
742 2361 902 2448 bonorum·
931 2380 1195 2468 publicandorum
1223 2384 1354 2450 Euorati
1387 2385 1437 2451 bio

209 2516 318 2582 delata
338 2517 388 2583 bis
411 2517 536 2584 actione
556 2511 738 2603 παρανόμων
761 2515 875 2600 repelli
896 2514 1085 2600 fingeretur,
1117 2514 1269 2600 ineptiae
1282 2517 1380 2584 etiam
1395 2518 1435 2584 de

147 2647 149 2652 ’
208 2650 321 2717 eodem
343 2651 529 2734 argumento
550 2649 636 2716 idem
649 2648 829 2715 ¹Poliochus
852 2655 884 2714 et
906 2648 1050 2715 eiusdem
1072 2649 1233 2733 plebisciti
1248 2657 1324 2717 tunc
1340 2671 1437 2716 accu-

209 2790 296 2850 sator
318 2805 402 2850 nunc
423 2791 534 2850 auctor
556 2790 589 2850 et
610 2782 755 2849 eiusdem
777 2781 914 2848 hominis
937 2789 1012 2848 tunc
1042 2789 1196 2866 patronus
1226 2804 1310 2849 nunc
1339 2803 1437 2850 accu—

211 2924 297 2983 rator
320 2917 476 2984 extitisse.
521 2917 593 2983 Non
622 2918 727 2983 minua
755 2915 990 2982 inconsiderate
1017 2915 1227 2982 Franckcnua
1255 2915 1432 2982 Oommont.

210 3050 338 3135 Lysiae.
363 3072 395 3135 p.
417 3053 487 3132 125,
514 3071 585 3116 oum
607 3051 739 3136 corrigit
759 3047 940 3138 παρανόμων
963 3045 1106 3136 φυγόντος
1127 3053 1179 3116 τοῖν
1203 3045 1292 3115 αὐτοῦ
1315 3045 1432 3136 ἀνδρός,

208 3188 259 3248 οὖν
290 3183 323 3247 δὲ
351 3179 587 3269 νικήσαντος-
617 3205 658 3250 nc
691 3184 768 3267 quid
800 3155 948 3249 moneam
977 3182 1018 3248 de
1046 3188 1206 3248 structura
1234 3188 1376 3248 contorta
1404 3188 1437 3249 et

209 3316 363 3401 insulrall
386 3353 424 3366 -
447 3317 633 3383 Poliochum
651 3316 804 3382 informat
826 3316 881 3406 bie
898 3315 939 3380 de
961 3313 1075 3380 eadcm
1097 3321 1437 3382 causa'acousatorem

210 3470 354 3532 eumque·
368 3451 475 3535 priore
495 3451 613 3517 iudicio
635 3450 753 3517 victum
776 3451 877 3516 altero
898 3448 1067 3515 victurum.
1106 3449 1220 3530 Neque
1238 3455 1347 3514 tamen
1361 3449 1436 3514 hinc

209 3584 316 3650 atatim
340 3604 377 3651 eo
400 3585 599 3668 confugiam,
636 3591 671 3649 ut
699 3585 798 3650 verba
820 3602 903 3666 quae
926 3581 1096 3646 offensioni
1126 3586 1200 3646 sunt
1228 3587 1263 3645 ut
1290 3602 1311 3647 a
1340 3580 1438 3646 sciolo

209 3717 390 3802 importune
412 3706 540 3795 adiecta
569 3717 716 3784 eiciendo
738 3737 810 3783 cum
832 3713 1016 3782 Hamakero
1044 3720 1075 3780 ct
1104 3712 1254 3780 Scheibio
1283 3713 1434 3779 arbitrer:

209 3871 319 3917 verum
341 3851 508 3918 lenissima
530 3851 724 3917 correctione
747 3854 780 3915 et
801 3870 897 3932 quam
919 3847 975 3914 vix
997 3847 1223 3913 correctionem
1245 3846 1335 3912 dicas
1357 3847 1436 3912 haec

280 4043 302 4100 11
323 4039 466 4096 Demosth.
477 4044 517 4106 53,
531 4042 554 4094 1.
574 4037 657 4093 Δοκῶν
672 4039 743 4109 ὀνόμ.
762 4037 975 4104 (Bcklr.Anecd.
990 4053 1018 4106 p.
1030 4039 1084 4097 1881·
1101 4053 1129 4090 v.
1151 4035 1177 4088 ἐν
1189 4035 1283 4110 χιλίοις
1297 4036 1310 4090 ὁ
1323 4035 1437 4095 κίνδυνος

212 4171 217 4181 .
235 4170 240 4181 .
257 4170 263 4182 .
281 4171 287 4192 ·.
300 4131 383 4203 χιλίας
396 4130 511 4204 δραχμὰς
524 4129 635 4194 ἐτέλουν,
655 4129 698 4182 καὶ
710 4129 734 4182 cl
747 4130 830 4201 μάτην
843 4127 1048 4202 ἀπογραφόμενοὶ
1058 4146 1125 4187 τινος
1138 4126 1231 4180 οὐσίαν.
1253 4125 1289 4180 cl.
1304 4127 1390 4180 Melcr
1401 4127 1436 4178 dc

210 4221 291 4275 bouis
304 4221 494 4275 damnatorum
512 4237 539 4289 p.
555 4222 604 4272 toa
617 4237 643 4273 n.
661 4221 719 4272 161.
738 4223 794 4273 Α11.
810 4221 858 4273 Pr.
873 4236 901 4288 p.
915 4221 965 4270 169
978 4235 1018 4283 sq.

278 4313 303 4374 11
324 4311 380 4365 vid.
400 4311 481 4365 Blaos
499 4311 517 4364 l.
538 4326 561 4364 c.
586 4326 614 4378 p.
636 4311 774 4364 511111.
809 4309 928 4380 Kayseri
952 4309 1067 4363 iuventa
1093 4308 1224 4374 [Heidell.
1248 4307 1343 4359 Jatrr.
1372 4307 1437 4358 1866

209 4418 236 4471 p.
252 4403 309 4454 290.
330 4401 426 4470 philol.
440 4399 566 4468 Gotting.
582 4402 614 4451 25
625 4417 654 4468 p.
670 4401 728 4465 316)
746 4401 837 4454 sciens
849 4398 1031 4468 praetermisi.
1169 4481 1170 4484 Ἰ

1197 4502 1208 4550 1
1217 4498 1233 4531 a
