3574 5282
879 348 1044 458 4².-

438 617 543 698 Atque
566 615 594 680 si
617 617 672 698 qui
695 617 866 702 opinantur
881 626 1021 684 actorem
1036 616 1159 682 versari
1180 615 1214 680 iu
1230 636 1330 682 causa
1352 616 1462 700 legum
1482 614 1605 682 viola-

351 758 456 816 tarum
484 745 682 836 (παρανόμων)
709 757 822 818 contra
842 731 1003 817 decretum
1025 749 1168 816 Polioohi
1196 748 1404 832 intentaque
1426 744 1604 834 publicari

353 885 437 950 bona
458 882 606 948 Euoratis
628 881 718 948 iussa
740 883 833 968 sint1)
850 865 867 948 τ’
889 884 984 950 facile
1013 884 1077 950 ista
1102 883 1209 967 opinio
1231 882 1397 948 refutatur.
1437 883 1602 964 Namque

353 1017 431 1100 quin
453 1037 493 1083 ea
514 996 658 1082 oratioue
680 1035 755 1081 reus
770 1035 900 1082 oausam
915 1016 1011 1101 dicat,
1037 1037 1101 1082 non
1116 1022 1284 1082 accusator
1303 1022 1389 1100 agat,
1415 1016 1466 1082 vel
1482 1015 1601 1081 obiter

352 1149 465 1232 legens
494 1171 587 1216 nemo
616 1149 775 1216 dubitabit
796 1187 839 1196 -
860 1149 1008 1215 conferas
1036 1155 1166 1234 praeter
1193 1155 1301 1215 cetera
1323 1149 1358 1235 ξς
1374 1152 1498 1214 21-27
1523 1170 1594 1211 -ε

353 1303 412 1348 nec
428 1283 468 1349 de
484 1282 687 1349 accusatione
702 1278 882 1369 παρανόμων
902 1283 1087 1366 quidquam,
1113 1304 1224 1349 verum
1246 1289 1314 1348 tota
1336 1289 1386 1349 est
1406 1283 1441 1348 in
1461 1279 1595 1346 invidia

353 1435 449 1498 quam
470 1417 624 1482 bonorum
647 1415 796 1481 Euoratis
818 1415 1008 1500 proscriptio
1035 1416 1185 1482 habitura
1212 1415 1255 1481 sit
1279 1415 1397 1482 vividis
1425 1414 1590 1480 coloribus

352 1550 556 1634 depingenda
565 1552 603 1635 ²).
637 1548 779 1614 'Omnino
796 1549 904 1632 legum
926 1549 1117 1615 violatarum
1138 1551 1228 1615 locus
1249 1549 1449 1614 nullus'erat
1469 1547 1504 1612 in
1525 1546 1593 1611 bo-

353 1704 465 1749 norum
495 1683 759 1768 publicandorum
788 1682 934 1748 iudiciis:
967 1703 1051 1765 quae
1078 1703 1141 1748 non
1163 1683 1197 1748 in
1227 1682 1364 1749 comitiis
1392 1701 1497 1763 neque
1526 1700 1593 1765 per

353 1815 524 1900 plebiscita
539 1815 728 1899 agebantur,
756 1816 813 1882 sed
835 1835 894 1899 per
916 1812 1092 1904 ἀπογραφήν
1115 1837 1198 1899 quae
1220 1816 1335 1883 dicitur
1350 1816 1393 1882 ad
1406 1815 1588 1900 legitimum

352 1949 492 2014 tribunal
515 1949 727 2033 syndioorum,
754 1949 839 2031 quod
861 1947 935 2014 huic
957 1949 1021 2033 ipsi
1042 1949 1089 2014 rei
1110 1949 1166 2015 illo
1182 1949 1310 2032 quidem
1324 1927 1468 2033 tempore
1482 1947 1586 2014 desti-

352 2088 463 2147 natum
485 2087 566 2161 erat,
591 2081 829 2182 deferebantur.
868 2081 916 2147 Αο
937 2102 1051 2168 reapse
1073 2083 1107 2147 in
1129 2081 1315 2176 iudiciode'
1329 2082 1421 2147 bonis
1436 2081 1583 2147 Euoratis

353 2215 503 2300 syndicos
518 2235 582 2280 non
600 2215 694 2282 modo
709 2220 909 2300 praesentes,
936 2215 993 2281 sed
1008 2215 1096 2300 ipsos
1110 2216 1280 2300 praesides
1293 2215 1438 2299 intellegi
1453 2253 1495 2264 -
1510 2236 1582 2281 curn

354 2347 437 2414 aetio
460 2347 568 2431 legum
583 2348 774 2414 violatarum
796 2348 839 2412 ad
860 2347 1145 2414 thesmothetarum
1159 2349 1412 2416 iurisdictionem
1426 2349 1584 2433 pertineat

352 2481 570 2565 ——peroratio
592 2482 685 2547 docet
711 2481 738 2566 (ξ
754 2481 804 2566 26)
831 2477 934 2566 deuel)
962 2480 995 2545 δὲ
1017 2481 1068 2546 καὶ
1089 2479 1248 2556 τούτους
1271 2476 1357 2555 τούς
1379 2481 1582 2555 συνδίκους

354 2605 457 2687 εὔνους
478 2609 549 2700 ἡμῖν
573 2613 665 2694 εἶναι,
697 2614 813 2680 ἐκείνου
839 2619 891 2680 τοῦ
921 2611 1032 2702 χρόνου
1063 2615 1245 2701 μνησθέντος
1275 2620 1338 2682 κτλ.
1377 2615 1466 2680 Nihil
1496 2615 1582 2680 enim

353 2767 458 2812 moror
479 2747 592 2813 Meieri
614 2747 856 2830 dubitationem,
883 2767 967 2814 anne
990 2747 1117 2834 syndici
1138 2749 1198 2814 hoc
1220 2749 1290 2814 loco
1312 2749 1502 2845 denotentur
1523 2768 1583 2832 pa-

353 2881 437 2946 troni
475 2879 606 2963 quidam
642 2880 771 2966 publice
799 2881 899 2946 creati
928 2881 971 2946 ad
997 2881 1140 2946 Polioohi
1168 2882 1345 2948 adversarii
1378 2881 1583 2967 plebiscitum

339 2981 607 3078 defendendum:
640 3013 753 3095 quales
781 3034 886 3097 neque
915 3035 1025 3081 creare
1053 3034 1122 3080 mos
1151 3021 1220 3080 erat
1247 3014 1413 3098 rogatione
1442 3014 1580 3080 nondum

354 3152 489 3231 accepta
510 3166 615 3229 neque
639 3153 673 3212 ut
695 3147 778 3213 sibi
800 3169 893 3233 opem
915 3153 1119 3231 praestarent
1133 3166 1233 3214 sanae
1247 3147 1364 3213 mentis
1379 3147 1584 3214 adversarius

354 3286 464 3364 petere
486 3285 624 3364 poterat.
664 3280 782 3346 Contra
804 3281 954 3367 syndicus
977 3281 1050 3347 illos
1072 3279 1199 3348 fiscales
1222 3280 1373 3364 quoniam
1395 3300 1528 3346 causam
1550 3286 1584 3346 et

353 3413 387 3478 in
414 3413 483 3480 iure
512 3413 777 3480 examinaverunt
806 3427 838 3480 et
860 3414 902 3480 ad
923 3413 1046 3480 iudices
1069 3413 1251 3479 detulerunt
1260 3416 1296 3498 ⁴),
1332 3433 1396 3478 non
1426 3413 1584 3480 immerito

426 3643 449 3704 1)
470 3641 557 3695 Melet
572 3645 630 3696 Aac.
644 3641 752 3696 Proaeas
775 3658 803 3711 p.
820 3643 865 3692 lli
888 3657 914 3694 n.
931 3642 972 3693 nt.
992 3657 1020 3710 p.
1035 3627 1094 3694 253.
1110 3641 1168 3692 283.
1200 3639 1312 3694 Platner
1324 3642 1371 3695 der
1382 3640 1526 3694 Processu.
1543 3639 1584 3692 dia

358 3729 465 3800 chqea
477 3730 505 3784 11
522 3748 549 3800 p.
567 3734 624 3784 123.
645 3732 754 3787 Dobrec
766 3729 885 3786 Advers.
900 3731 952 3800 lp.
969 3733 1027 3782 235.
1048 3729 1191 3786 Hoelscher
1202 3731 1237 3785 de
1250 3732 1308 3785 vita
1321 3736 1350 3785 et
1361 3731 1471 3799 scriptis
1483 3729 1584 3799 Lysiae

355 3835 382 3888 p.
397 3822 439 3872 90.
462 3820 597 3876 ¹Dubitat
618 3821 755 3892 hodieque
775 3821 855 3876 Blass
875 3823 899 3876 d.
918 3821 1035 3874 Anticlea
1060 3820 1257 3874 Beredsamka't
1278 3839 1328 3876 cea
1354 3821 1468 3890 Gorpioa
1490 3817 1529 3871 bia
1552 3835 1583 3870 aa

357 3910 453 3980 Lysiae
470 3927 497 3980 p.
514 3913 572 3964 524.

425 4004 448 4065 2)
469 4001 504 4055 cf.
520 4001 660 4057 Hamaker
672 4007 792 4072 quaestt.
807 4003 842 4057 de
854 4018 936 4056 nonn.
949 4001 1052 4072 Lysiae
1062 4004 1144 4054 ouatt.
1158 4016 1185 4068 p.
1200 4001 1232 4052 67
1241 4015 1282 4069 sq.
1315 3999 1431 4054 Scheibe
1444 3997 1583 4054 vindiciae

279 4134 281 4138 .
356 4091 491 4161 Lysiacae
504 4105 531 4160 p.
546 4095 589 4146 90.

425 4183 448 4246 3)
470 4182 510 4236 ita
527 4183 599 4236 euim
618 4183 790 4238 scribendum
809 4198 844 4236 ex
856 4182 960 4238 codicis
972 4181 1091 4236 Palatini
1103 4181 1157 4236 fide
1169 4196 1251 4250 quem
1264 4181 1355 4235 denuo
1373 4179 1492 4233 contuli:
1515 4177 1583 4239 ἄξιον

324 4307 328 4310 -
356 4273 451 4340 vulga.
471 4271 508 4326 cf.
522 4274 587 4339 527.
603 4275 645 4336 21,
660 4275 740 4328 2521.
1390 4313 1407 4354 0

423 4365 447 4426 4)
470 4363 535 4432 Lys.
555 4365 593 4428 la,
608 4366 640 4415 32
654 4379 732 4428 quem
746 4366 835 4418 locum
847 4367 921 4418 recte
934 4363 1130 4431 interpretatus
1143 4369 1187 4418 cst
1197 4363 1260 4417 Fuci
1272 4380 1303 4414 aa
1315 4361 1411 4431 Lysias
1423 4378 1450 4430 p.
1466 4363 1498 4412 22
1511 4375 1552 4430 sq.
